2950 4709
118 3870 131 3904 l

341 405 416 467 c.
451 400 710 467 123-24.
788 404 1154 454 rus-roura
1208 400 1435 452 neers
1498 403 1934 455 svmmems.
2189 377 2366 467 ΞΜ)

341 593 709 688 profectas
764 611 974 678 esse3
1026 588 1219 683 quod
1272 590 1576 672 crimen,
1634 592 1856 661 certis
1908 587 2203 682 prolatis
2253 592 2359 669 iu·

344 696 592 780 diciis,
663 694 735 762 ei
797 690 1042 762 intulit.
1159 688 1496 781 Negante
1552 691 1900 783 episeopo
1968 699 2043 760 et
2110 700 2358 761 contra

344 793 670 879 dicente,
739 812 879 861 rex
938 811 1099 860 eum
1151 788 1416 860 frustra
1468 787 1725 860 infitias
1776 792 1883 860 ire
1939 788 2153 876 dixit,
2223 790 2361 861 sihi

341 914 587 965 verum
642 902 852 963 antea
915 899 1354 983 compertum
1413 894 1625 976 esse,
1699 893 2163 980 gravissimas
2215 910 2362 983 pte·

343 1014 473 1063 nas
526 996 595 1063 ei
646 996 946 1063 minatus
1020 999 1173 1076 est,
1247 989 1511 1059 domini
1579 987 2018 1082 proditorem
2072 1000 2149 1060 et
2197 1011 2361 1084 per·

344 1090 658 1162 duellem
711 1089 1097 1185 appellans.
1199 1085 1607 1182 Episcopus
1669 1092 1870 1181 regis
1916 1088 2360 1161 clementiam

344 1190 785 1284 imploravit,
863 1191 1074 1260 fidem
1141 1211 1339 1260 suam
1405 1190 1870 1280 jurejurando
1937 1193 2359 1283 interposito

341 1292 813 1363 confirmatam
868 1292 1227 1384 promisit,
1281 1287 1678 1382 pollicitus,
1755 1300 1967 1381 prout
2015 1292 2171 1383 ipse
2225 1309 2358 1361 rex

339 1391 773 1484 postularet,
826 1412 955 1483 pro
1008 1389 1336 1460 omnibus
1386 1409 1549 1481 quae
1602 1386 2028 1483 deliquisset
2077 1390 2357 1461 satisfa-

343 1501 656 1577 cturum3
711 1510 1051 1561 summam
1110 1489 1318 1557 animi
1369 1487 1790 1557 modestiam
1843 1510 1993 1581 prae
2044 1509 2129 1560 se
2181 1489 2356 1560 tulit.

342 1588 513 1659 Rex
577 1588 894 1659 Sverrer
962 1592 1375 1679 episcopum
1450 1606 1702 1656 secum
1770 1587 2355 1679 septemtrionem

341 1709 608 1759 versus
655 1686 940 1779 Bergas
993 1687 1226 1772 duxlt,
1292 1681 1641 1771 Thon-eri,
1704 1690 2050 1780 episcopo
2101 1688 2355 1758 Hama-
2475 1713 2484 1720 ·

342 1791 581 1873 rensi,
649 1789 959 1857 nuntium
1029 1789 1253 1872 misit,
1322 1795 1402 1856 ut
1463 1806 1668 1878 quam
1721 1787 2015 1877 primum
2068 1785 2356 1879 Bergas

341 1890 657 1975 veniret3
711 1887 901 1979 quod
953 1886 1070 1956 hic
1120 1885 1327 1974 feeit3
1399 1886 1659 1955 eodem
1716 1894 1792 1956 et
1840 1887 2126 1958 advenit
2165 1885 2354 1980 Njal,

344 1991 733 2081 episcopus
783 1984 1382 2078 stavangriensiS.
1510 1982 1647 2055 Hic
1708 1989 1972 2069 mentio
2042 1988 2134 2058 de
2198 1989 2353 2060 ele-

210 2114 225 2126 *
339 2090 576 2158 ctione
634 2087 817 2157 facta
873 2096 1018 2172 est,
1089 2089 1250 2179 quis
1321 2088 1391 2155 iu
1460 2083 1698 2155 locum
1750 2081 1958 2156 Pauli
2031 2091 2355 2182 episcopi

338 2186 703 2257 cathedrae
767 2184 1129 2278 Bergensi
1191 2184 1698 2278 praeficeretur.
1825 2184 2004 2257 Tum
2070 2186 2356 2258 electus

341 2297 460 2356 est
508 2289 639 2371 vir,
688 2288 972 2355 nomine
1001 2286 1380 2368 Martinus,
1433 2285 1788 2356 sacerdos
1839 2285 2117 2357 aulicus
2153 2290 2356 2379 regis

339 2384 755 2469 SverreriS,
822 2393 1129 2476 utroque
1195 2403 1469 2474 genere
1522 2383 1839 2474 AngluS,
1909 2397 1986 2457 et
2049 2390 2352 2479 egregie

340 2485 617 2554 doctus.
736 2482 944 2553 Hunc
1010 2485 1429 2552 auctoritate
1458 2521 1467 2526 -
1496 2485 1698 2573 regis
1750 2482 2131 2554 Sverreris
2200 2489 2351 2579 epi-

246 2669 250 2676 ῃ
337 2604 636 2676 scopum
684 2585 1229 2672 inaugurarunt,
1311 2579 1426 2651 his
1478 2583 1841 2674 episeopis
1900 2580 2355 2672 administris,

334 2681 641 2754 Nicolao
697 2685 1066 2775 episcopo,
1116 2675 1445 2751 Thorere
1503 2683 1880 2775 episcopo,
1931 2681 2146 2775 NJale
2200 2689 2352 2779 epi-

332 2804 586 2876 scopo.
636 2781 1041 2902 Episcopus
1070 2778 1421 2852 Nicolaus
1448 2782 1519 2850 id
1554 2785 1899 2874 temporis
1933 2787 2094 2875 regi
2121 2783 2349 2856 Sver

220 2955 227 2958 ,
335 2887 484 2953 reri
534 2885 1002 2953 amicissimus
1051 2881 1214 2967 fuit,
1282 2882 1734 2976 omniumque
1800 2883 1957 2974 regi
2011 2886 2349 2957 consilio·
2407 2949 2412 2958 .

334 3003 526 3070 rum,
579 3004 739 3077 quae
792 2981 1039 3076 perfici
1091 2978 1351 3067 vellet,
1404 2989 1674 3052 auctor.
1797 2980 1979 3053 Tum
2030 2984 2349 3076 splendi-

334 3082 499 3153 dum
553 3084 957 3152 convivium
1008 3084 1081 3149 in
1132 3079 1409 3150 aedibus
1459 3084 1686 3172 regiis
1734 3092 2165 3174 apparatum,
2219 3085 2347 3155 de-

332 3192 792 3275 cretumque,
869 3188 950 3250 ut
1022 3178 1099 3248 hi
1178 3182 1501 3270 episcopi
1579 3199 1832 3271 regem
1877 3179 2348 3258 Sverrerem

333 3283 842 3374 inaugurarent
906 3287 980 3348 et
1041 3287 1490 3349 coronarent.
1608 3276 1794 3368 Quae
1863 3299 1988 3349 res
2056 3293 2349 3375 peracta

333 3391 481 3467 est,
545 3391 626 3453 ut
692 3401 854 3451 eum
923 3377 1117 3449 festo
1177 3376 1662 3471 apostolorum
1724 3374 1931 3449 Petri
2001 3391 2075 3454 et
2134 3380 2346 3453 Pauli

331 3501 584 3596 regem
634 3485 1178 3571 inaugurarent,
1243 3481 1547 3572 ipseque
1612 3500 1948 3550 coronam
2001 3492 2347 3568 sumeret,

333 3581 678 3673 episcopo
705 3577 1010 3650 Nicolao
1062 3580 1620 3669 inaugurationis
1670 3582 1965 3673 auspice
1994 3584 2346 3701 primario.

329 3676 423 3749 Hi
474 3676 563 3749 ab
618 3699 799 3769 rege
848 3679 1125 3749 eximiis
1154 3679 1393 3749 donati
1427 3678 1865 3766 muneribus,
1915 3684 2344 3782 amicissime

331 3779 607 3851 dimissi
658 3786 840 3849 sunt.
2403 3831 2414 3846 x

379 3878 506 3953 De
553 3877 863 3950 concilio
905 3897 1293 4047 episcopo}
1290 3897 1407 3947 um
1459 3883 1535 3947 et
1584 3875 1826 3951 lite-‘rw
1871 3878 1977 3951 ad
2007 3903 2292 3977 papam

1281 3978 1451 4048 atis.

529 4075 699 4150 124.
803 4073 1265 4151 Praecedeuti
1313 4075 1552 4149 hieme
1604 4079 1991 4175 episcopus
2039 4029 2344 4151 Thoria·

395 4202 517 4260 vot.
555 4202 609 4259 8.
1852 4173 1923 4247 Ο
