2950 4709
528 741 558 762 Ι

563 357 697 443 ,88
1019 379 1385 429 msa-omn
1439 376 1665 436 neers
1721 373 2159 425 svnnnnms.
2348 369 2593 436 (251,

586 563 709 636 De
761 582 1161 659 conqressu
1209 555 1464 657 requ'm
1516 562 1597 631 in
1645 555 1845 652 freto
1899 554 2300 640 Saltoensz‘,
2349 552 2599 628 rebus-

970 685 1113 759 que
1159 664 1357 732 inter
1405 682 1532 731 eos
1578 654 2217 731 intercedentibus.

790 760 910 832 51.
1008 761 1389 855 Aliquanto
1451 768 1620 853 post
1667 757 2187 830 hebdomadem
2216 754 2599 854 ‘paschatis

586 882 720 932 rex
772 859 1085 932 Sverrer
1132 859 1400 953 Bergis
1452 858 1861 953 profectuS,
1928 860 2273 930 orientem
2338 877 2602 927 versus

588 961 987 1032 secundum
1053 959 1261 1031 litora
1326 962 1715 1053 navigavit,
1781 977 2246 1052 quoscunque
2300 956 2602 1027 adiisset

589 1058 875 1154 populis
943 1063 1012 1131 ei
1077 1081 1163 1131 se
1233 1059 1544 1131 libenter
1608 1055 2199 1148 submittentibus.
2308 1054 2600 1125 Deinde

592 1163 938 1230 orientem
1006 1179 1269 1230 versus
1334 1162 1407 1228 in
1468 1157 1720 1228 Vikam
1789 1160 1928 1228 iter
1997 1156 2203 1243 fecit3
2275 1155 2601 1226 omnibus

593 1257 777 1330 locis
813 1258 1119 1346 tributa,
1172 1279 1535 1351 expensas
1584 1255 1927 1345 bellicas,
1977 1258 2390 1349 omniaque,
2441 1276 2602 1348 quae

590 1381 633 1429 a
680 1357 962 1429 'colonis
1015 1355 1449 1451 postularet,
1526 1360 1820 1449 accepit.
1937 1355 2074 1426 Hic
2139 1375 2389 1448 regem
2439 1354 2602 1426 Ma-

592 1478 807 1549 gnum
890 1478 1053 1528 cum
1132 1460 1361 1550 copiis
1442 1460 1514 1526 in
1579 1456 1811 1528 Dania
1888 1458 2166 1526 versari
2238 1456 2604 1547 comperit.

589 1556 757 1629 Rex
806 1555 1122 1629 Sverrer
1172 1555 1459 1650 longius
1512 1557 1857 1627 orientem
1909 1575 2173 1626 versus
2227 1556 2301 1625 in
2349 1553 2605 1627 Vikam

591 1658 991 1743 contendit,
1074 1665 1148 1728 et
1211 1659 1285 1726 in
1352 1659 1639 1729 ancoris
1711 1656 1803 1725 ad
1882 1652 2207 1748 Spjoram
2274 1657 2348 1724 in
2414 1653 2605 1726 freto

592 1754 1013 1850 Salteyensi
1079 1754 1326 1828 stabat.
1423 1754 1647 1828 Forte
1714 1755 1952 1852 aliquo
2015 1755 2135 1826 die
2187 1757 2462 1840 evenit,
2528 1761 2609 1825 ut

591 1877 728 1926 rex
789 1859 861 1927 in
930 1855 1227 1927 insulam
1288 1855 1379 1927 ad
1449 1854 1927 1928 excubitores·
1983 1874 2371 1946 egressuS,
2446 1876 2607 1925 cum

592 1975 841 2048 rupem
894 1956 1236 2049 quandam
1289 1955 1778 2042 ascendisset,
1839 1953 2096 2026 multas
2145 1974 2371 2025 naves
2420 1953 2609 2025 velis

595 2053 683 2123 ab
739 2058 1016 2126 oriente
1078 2054 1252 2125 ferri
1314 2057 1867 2148 conspicaretur.
1966 2052 2131 2124 Rex
2176 2074 2401 2125 naves
2450 2053 2607 2124 bel-

597 2152 776 2224 licas
829 2176 1003 2226 esse
1053 2173 1543 2248 praemonenS,
1594 2175 1845 2225 omnes
1896 2153 2190 2225 navales
2241 2156 2486 2246 copias
2536 2157 2610 2223 in

596 2263 858 2324 terram
911 2254 1002 2324 ad
1059 2256 1473 2325 concionem
1545 2253 1710 2324 tuba
1765 2255 2054 2324 evocari
2096 2256 2336 2347 Jnssit.
2440 2251 2608 2343 Quo

596 2353 785 2424 facto
838 2358 933 2425 ita
983 2355 1073 2425 ad
1119 2354 1387 2426 milites
1417 2357 1882 2427 concionatus
1934 2363 2077 2425 est:
2127 2374 2264 2426 nex
2290 2353 2609 2445 Magnus

596 2475 767 2525 suas
818 2458 1066 2549 copias
1115 2456 1469 2527 adversus
1535 2477 1671 2526 nos
1722 2455 1958 2540 ducit,
2027 2462 2102 2525 et
2149 2452 2339 2523 haud
2393 2451 2608 2523 dubie

597 2552 846 2641 nobis,
911 2553 1346 2641 Birkibeini,
1414 2553 1550 2625 hac
1618 2575 1904 2649 quoque
1969 2556 2127 2625 vice
2180 2575 2337 2624 cum
2391 2552 2610 2645 longe

600 2656 958 2745 superiori
1014 2654 1321 2726 bostium
1375 2676 1671 2725 numero
1704 2657 1914 2724 armis
1947 2653 2407 2724 dimicandum
2457 2656 2610 2723 erit.

595 2751 910 2839 Verum,
986 2776 1399 2848 quamquam
1485 2776 1812 2845 magnum
1884 2751 2174 2824 militum
2244 2774 2611 2824 numerum

598 2849 833 2923 habeo
903 2862 978 2924 et
1027 2854 1117 2923 ad
1168 2854 1619 2948 pugnandum
1672 2853 2046 2939 idoneum,
2112 2862 2346 2924 tamen
2412 2856 2612 2924 viros

599 2950 737 3041 (rei
773 2951 1120 3046 militaris)
1173 2956 1470 3046 peritos,
1522 2961 1601 3025 ut
1650 2952 2055 3024 Havardum
2109 2952 2432 3047 dynastae
2480 2950 2626 3023 fili...

585 3072 738 3138 um,
788 3050 1053 3124 Ulvum
1104 3049 1718 3140 Lauvnesensem,
1766 3051 2030 3124 Ulvum
2064 3050 2346 3145 Flyum,
2399 3050 2612 3123 alios-

601 3173 743 3246 que
795 3154 1191 3247 prudentes
1240 3156 1461 3240 viros,
1513 3156 1626 3250 qui
1664 3157 1735 3224 in
1777 3163 2028 3226 nostro
2071 3156 2392 3224 exercitu
2424 3159 2614 3239 sunt,

602 3252 1090 3326 consulendos
1144 3256 1497 3341 existimo,
1546 3264 1777 3326 utrum
1828 3257 1983 3326 acie
2037 3274 2195 3324 cum
2241 3272 2422 3344 rege
2449 3252 2610 3324 Ma-

602 3373 746 3443 gno
826 3355 1377 3440 contendamus,
1458 3376 1548 3424 an
1629 3354 1921 3424 boream
1994 3374 2255 3424 versus
2336 3355 2410 3420 in
2486 3371 2614 3422 eas

602 3454 807 3541 regni
871 3463 1115 3544 partes
1183 3451 1714 3545 confugiamus,
1786 3453 1904 3523 ubi
1967 3451 2248 3546 aliquos
2301 3451 2617 3523 fortasse

603 3551 868 3622 amicos
896 3550 1258 3637 habemuS,
1305 3572 1462 3622 cum
1493 3550 1609 3623 bic
1638 3551 1877 3624 nullos
1903 3552 2314 3623 habeamus.
2382 3551 2614 3639 Nunc,

603 3648 771 3719 Deo
825 3653 1157 3744 auspice,
1224 3650 1513 3745 aliquod
1575 3651 1888 3725 salutare
1941 3675 2026 3723 ac
2077 3650 2324 3723 celere
2378 3653 2612 3723 consi-

603 3748 772 3819 lium
841 3751 1228 3844 capiamus!
1327 3749 1507 3823 Tum
1557 3751 1933 3825 Havardus
2001 3752 2325 3845 dynastae
2391 3750 2612 3822 filius:

608 3870 748 3940 ego
816 3871 997 3921 vero
1068 3852 1428 3946 extemplo
1497 3874 1726 3924 meam
1775 3852 2210 3925 voluntatem
2262 3854 2613 3944 aperiam:

605 3949 907 4021 navibus
957 3955 1379 4023 conscensis
1428 3956 1896 4047 tentoriisque
1948 3952 2316 4025 navalibus
2367 3953 2614 4044 raptim

608 4049 927 4121 detensis
998 4071 1093 4122 ex
1155 4051 1296 4123 hoc
1355 4055 1720 4125 immensae
1773 4043 2232 4146 longitudinis
2284 4053 2446 4122 sinu
2495 4053 2621 4121 re-'

605 4150 992 4242 migemus:
1063 4152 1323 4223 deinde
1384 4152 1588 4226 malis
1641 4152 1940 4226 sublatis
1991 4152 2157 4224 vela
2207 4153 2610 4245 septemtri-
