2950 4709
344 375 418 447 c,
440 382 573 450 2-3,
779 383 1145 434 ms'romn
1198 381 1423 436 uncus
1476 381 1916 440 svssmmus.
2292 359 2353 446 '2

344 576 734 651 noverunt,
805 575 1108 659 quantus
1158 565 1285 638 ille
1338 569 1448 638 vir
1502 569 1770 653 evasit,
1826 574 2083 685 postea
2131 551 2351 646 multa

345 668 642 757 insignis
695 665 784 740 ad
838 668 1168 738 virtutem
1217 666 1479 738 indolis
1529 667 1782 738 indicia
1829 669 1903 740 in
1955 691 2046 743 eo
2090 670 2349 765 depre-

344 764 689 837 hendisse
747 764 889 837 sibi
936 770 1073 836 visi
1128 775 1311 838 sunt.

886 864 1010 938 De
1054 868 1358 937 somniis
1411 862 1815 940 Sam-reric.

540 962 611 1032 2.
698 961 1012 1036 Sverrer
1061 968 1363 1057 insignia
1416 969 1689 1036 somnia
1738 965 1936 1049 vidit,
1987 990 2148 1062 quae
2201 972 2349 1063 qui-

345 1063 507 1132 dem
558 1084 601 1133 a
650 1063 1006 1136 nonnullis
1060 1086 1190 1157 pro
1241 1067 1441 1142 vanis
1498 1068 1894 1140 existimata
1928 1076 2003 1138 et
2042 1067 2349 1140 ludibrio

344 1160 581 1233 habita
632 1164 859 1235 fuere.
959 1164 1156 1237 Inter
1204 1163 1342 1236 alia
1390 1163 1534 1235 tale
1585 1171 1934 1240 somnium
1971 1165 2111 1239 sibi
2149 1167 2349 1238 obla-

341 1269 487 1332 tum
540 1266 883 1334 narravit:
937 1266 1140 1342 visus
1190 1264 1328 1335 sibi
1378 1274 1494 1336 est
1541 1268 1613 1334 in
1650 1266 2022 1359 Norvegia
2050 1270 2349 1353 versari,

339 1364 414 1434 in
463 1383 670 1434 avem
722 1372 1026 1435 mutatus
1075 1373 1289 1435 tantae
1340 1365 1864 1456 magnitudinis,
1915 1377 1991 1437 ut
2038 1377 2349 1440 rostrum

336 1462 431 1534 ad
483 1461 663 1534 fines
712 1466 918 1555 regni
981 1463 1409 1550 orientales,
1476 1486 1874 1561 pennaeque
1925 1468 2173 1539 caudae
2226 1488 2346 1539 se-

336 1561 833 1655 ptemtrionem
884 1584 1146 1635 versus
1196 1567 1268 1634 in
1327 1574 1628 1638 tractum
1701 1587 1934 1661 usque
1981 1563 2348 1637 Finnicum

337 1666 816 1754 pertinerent,
881 1665 1183 1757 ipseque
1235 1662 1370 1733 alis
1419 1673 1637 1734 totam
1684 1665 2125 1757 Norvegiam
2177 1688 2345 1736 con-

335 1772 641 1853 tegeret.
745 1763 902 1834 Hoc
953 1766 1301 1835 somnium
1352 1766 1657 1855 sapienti
1706 1764 2004 1851 cuidam,
2057 1766 2176 1835 cui
2224 1764 2345 1835 Ei-

335 1865 485 1931 nari
538 1884 831 1981 nomen,
883 1867 1192 1956 aperuit,
1244 1884 1554 1956 eumque
1605 1866 2105 1956 interrogavit,
2175 1865 2346 1959 quid

334 1948 526 2032 istud
592 1965 942 2046 somnium
1009 1962 1413 2056 significare
1478 1973 1799 2056 putaret.
1907 1964 2125 2036 Einar
2188 1976 2346 2036 rem·

334 2063 620 2155 quidem
671 2062 811 2133 sibi
860 2065 1286 2155 incognitam
1341 2083 1513 2134 esse
1553 2063 1933 2155 professus
1974 2074 2111 2149 est,
2162 2085 2343 2136 vero

331 2169 566 2236 autem
616 2162 845 2237 simile
897 2163 1035 2234 sibi
1086 2164 1339 2249 videri,
1392 2162 1533 2233 hoc
1584 2167 1862 2235 somnio
1913 2173 2343 2257 potestatem

332 2261 632 2356 aliquam
686 2263 1037 2356 portendi,
1089 2262 1513 2356 subjiciens:
1571 2262 1727 2333 fieri
1776 2272 2051 2358 potest,
2101 2273 2182 2340 ut
2229 2284 2339 2335 ar-

332 2359 838 2455 chiepiscopus
903 2362 1185 2437 evadas.
1308 2359 1442 2434 Cui
1493 2360 1845 2434 Sverrer:
1924 2363 2116 2436 haud
2174 2362 2344 2436 mihi

329 2462 722 2534 verisimile
789 2464 1109 2549 videtur,
1176 2484 1290 2535 me
1343 2461 1954 2555 archiepiscopum
2006 2463 2341 2548 futurum,

328 2564 452 2656 qui
502 2563 910 2635 sacerdotio
959 2562 1149 2633 haud
1202 2566 1377 2634 satis
1427 2562 1734 2658 idoneus
1773 2564 1925 2632 sim.
2028 2561 2345 2632 Sverrer

326 2683 556 2734 annos
609 2673 911 2756 quatuor
960 2672 1037 2733 et
1086 2665 1334 2755 viginti
1382 2660 1891 2754 compleverat,
1943 2662 2340 2755 antequam,

328 2785 472 2855 quo
503 2772 702 2855 patre
735 2771 1078 2849 uteretur,
1118 2772 1575 2856 perspectum
1603 2761 1922 2834 baberet.
1961 2760 2156 2834 Post
2182 2760 2340 2834 haec
2455 2861 2458 2864 y

328 2860 568 2937 hieme
619 2866 690 2933 in
739 2860 1018 2938 Faerois
1067 2873 1442 2948 transacta,
1495 2865 1565 2931 in
1614 2861 2056 2955 Norvegiam
2106 2861 2339 2935 rediit.

821 2962 946 3036 De
996 2961 1276 3058 Magno
1325 2961 1627 3057 Erlinqi
1670 2962 1845 3056 filio.

530 3058 597 3131 3.
666 3060 830 3135 -Hoc
879 3071 1200 3154 tempore
1233 3063 1550 3155 Magnus
1603 3070 1677 3132 et
1723 3061 2065 3155 Erlingus
2115 3064 2336 3135 omni-

327 3183 444 3232 um
511 3160 926 3255 proceruml
990 3165 1350 3256 totiusque
1419 3159 1661 3254 populi
1723 3162 1982 3254 opibus
2049 3183 2336 3253 magno-

325 3283 506 3355 pere
555 3261 1130 3334 sublevabantur.
1230 3262 1406 3335 Erat
1434 3262 1619 3330 enim
1652 3279 1787 3327 rex
1815 3258 2139 3330 omuibus
2175 3282 2336 3352 grav

326 3372 446 3431 tus
518 3371 592 3432 et
658 3372 1025 3456 acceptus3
1102 3363 1403 3454 dynasta
1471 3360 1785 3453 potentia
1833 3380 1917 3430 ac
1966 3359 2339 3453 prudentia

323 3458 632 3547 valebat,
683 3462 872 3533 idem
914 3466 1343 3556 imperiosus
1397 3470 1471 3532 et
1519 3462 1592 3529 in
1628 3458 2006 3532 obtinenda
2040 3462 2337 3534 victoria
2436 3465 2442 3472 ’

322 3558 540 3647 felix,
615 3566 976 3656 totiusque
1044 3561 1460 3653 reipublicae
1524 3561 2034 3634 administratio
2102 3583 2335 3656 penes

325 3679 488 3730 eum
540 3662 690 3733 init.
790 3662 1071 3735 Multos
1122 3661 1246 3734 ille
1297 3662 1583 3759 quidem
1628 3660 1871 3734 habuit
1904 3661 2333 3737 obtrectato-

322 3781 485 3846 res,
560 3771 699 3832 tam
780 3784 877 3833 ex
944 3761 1365 3834 humilibus·
1393 3782 1604 3854 quam
1672 3780 1716 3832 e
1791 3762 2335 3854 potentioribuS,

320 3864 628 3933 maxime
679 3865 746 3931 in
800 3865 1151 3943 communi
1201 3858 1807 3947 OE'hrandhemico,
1875 3864 2082 3953 regni
2132 3873 2333 3957 parte

321 3961 906 4055 septemtrionali.
1008 3961 1163 4033 Sed
1214 3961 1800 4055 archiepiscopus
1829 3960 2167 4053 Eystein,
2216 3964 2336 4057 qui

270 4145 275 4149 ι
320 4061 391 4128 in
443 4061 560 4133 his
612 4062 1028 4153 regionibus
1078 4061 1168 4133 ad
1216 4060 1513 4132 boream
1562 4062 1802 4133 versis
1852 4070 2075 4133 totum
2110 4080 2330 4155 popu-

394 4190 439 4259 1)
477 4195 852 4263 Prasmon-um,
895 4191 962 4249 G.
