2950 4709
356 362 434 430 ,0.
470 360 690 428 108-9.
792 363 1159 418 mar-omn
1212 359 1439 416 1111018
1491 362 1931 416 ernustus.
2199 339 2371 430 185

355 556 734 644 pararunt,
813 544 1001 620 baud
1065 569 1245 620 83116
1315 546 1904 623 diss'vadentibus
1972 548 2367 644 oppidanis,

354 652 483 745 qui
531 648 956 721 abeuntibus
1005 648 1195 718 bene
1245 653 1541 741 precati,
1596 669 1730 722 eos
1782 653 2224 744 improspera
2262 653 2368 723 uti

356 753 828 843 navigatione,
860 757 1359 842 percuperent.
1458 749 1621 821 Jam
1674 749 2016 842 Kussnngi
2068 749 2365 823 celoces

354 871 611 943 magna
660 850 1112 921 festinatione
1166 848 1613 942 apparabant,
1665 849 1922 945 quibus
1952 853 2214 944 paratis
2247 873 2367 921 ru-

354 971 514 1021 mor
564 950 895 1043 oppidum
946 947 1407 1042 pervadebat,
1456 971 1715 1044 agmen
1766 949 2053 1045 aliquod
2087 972 2148 1024 ·a
2185 949 2369 1022 locis

357 1049 838 1121 exterioribus
890 1048 1361 1121 Gaularasum
1412 1053 1809 1144 praeterire,
1863 1058 1938 1121 et
1971 1059 2195 1137 erant,
2248 1051 2371 1144 qui

358 1171 609 1242 regem
662 1148 1089 1223 Sverrerem
1149 1150 1538 1223 adventare
1603 1153 2079 1246 opinarentur.
2200 1149 2368 1242 Quo

356 1271 649 1324 rumore
700 1250 942 1322 audito
971 1248 1306 1344 Kuflungi
1337 1251 1731 1324 decurrunt
1773 1253 1862 1323 ad
1915 1272 2162 1337 naveS‚
2213 1260 2371 1322 ten·

358 1353 544 1422 toria
595 1350 973 1443 deripiunt,
1024 1372 1266 1422 remos
1319 1351 1712 1446 impellunt,
1762 1373 1989 1423 naves
2026 1372 2123 1422 ex
2162 1369 2370 1424 amne

357 1453 662 1542 remigio
714 1451 1263 1522 concitatissimo
1296 1450 1730 1544 propellunt,
1784 1451 2157 1545 oppidanis
2193 1472 2369 1524 nun-

359 1572 568 1645 quam
617 1558 699 1621 ut
745 1558 1282 1621 reverterentur
1307 1550 1784 1643 precantibus.
1839 1550 2203 1641 ,Kullungi
2235 1572 2371 1644 per

358 1653 591 1721 sinum
643 1651 1146 1741 enavigarunt‚
1216 1659 1292 1721 et
1357 1672 1799 1745 quaecunque
1861 1650 2025 1722 loca
2073 1649 2370 1738 adirent,

359 1752 625 1842 rapinis
673 1747 1201 1843 grassabantur,
1253 1754 1623 1823 onerarias
1676 1771 1925 1836 naves,
1972 1748 2210 1821 sicubi
2241 1751 2370 1822 de-

360 1850 929 1944 prehenderent,
973 1849 1411 1943 diripiebant.
1512 1849 1740 1923 Unam
1790 1872 2047 1923 navem
2096 1871 2371 1923 merca-

358 1953 612 2022 toriam
680 1950 1135 2036 islandicam,
1215 1948 1769 2044 Stangarfolium
1836 1952 2088 2023 dictam
2109 2002 2130 2037 ‚
2207 1971 2370 2046 quae

361 2054 630 2144 rejecta
660 2051 912 2136 fuerat,
965 2061 1333 2144 ceperunt,
1385 2051 1781 2148 omnesque
1810 2055 2173 2145 [166υυί38,
2209 2071 2378 2145 quae.

360 2155 434 2222 in
487 2174 574 2223 ea
626 2159 850 2237 crant,
902 2161 1303 2244 rapuerunt.
1416 2150 1702 2243 Quibus
1754 2153 2105 2226 confectis
2158 2153 2369 2222 meri·

363 2252 548 2322 diem
603 2263 866 2326 versus
916 2249 1201 2343 Bergas
1252 2253 1561 2345 profecti
1610 2263 1812 2341 sunt,
1868 2273 2104 2348 eoque
2156 2248 2369 2374 paulo

358 2362 524 2423 ante
576 2351 834 2422 festum
878 2349 1170 2443 jolense
1220 2362 1722 2443 pervenerunt.

889 2448 1146 2521 ccedes
1192 2448 1413 2521 Jom‘s
1462 2450 1837 2549 Knflunyi.

542 2546 735 2621 5109
837 2549 1173 2641 Kuflungi
1236 2560 1663 2623 conventum
1715 2556 1782 2622 in
1835 2508 2100 2644 oppido
2151 2548 2370 2624 habu-

364 2659 591 2736 erunt,
643 2659 718 2720 et
768 2650 1193 2742 stipendium
1242 2652 1316 2719 in
1354 2653 1753 2725 convivium
1795 2649 2088 2745 jolense
2120 2649 2209 2721 ab
2243 2672 2372 2745 op·

361 2751 649 2844 pidanis.
705 2757 1149 2843 exegerunt,
1229 2749 1454 2823 altera
1520 2757 1884 2846 proposita
1939 2751 2372 2841 conditione,
2485 2779 2490 2792 ·

361 2871 448 2921 se
517 2859 734 2922 totum
805 2851 1136 2943 oppidum
1192 2851 1602 2945 direpturos
1669 2863 1744 2925 et
1802 2854 2372 2928 inflammaturus.

361 2948 758 3046 oppidanis
823 2952 1252 3043 stipendium
1312 2953 1875 3027 detrectantibus
1926 2955 2372 3046 spatiumque
2461 2965 2482 2982 ²
2618 2929 2625 2941 ’

358 3051 786 3145 petentibus,
818 3050 1178 3144 ,Kuflung'i
1226 3050 1468 3123 ultima
1525 3067 1829 3147 quaeq'ue
1879 3054 2195 3125 vicissim
2245 3053 2373 3121 mi-

358 3153 500 3222 nati
551 3161 753 3238 sunt3
829 3158 1038 3242 atque
1098 3152 1208 3224 sie
1277 3172 1367 3222 ea
1433 3172 1560 3223 res
1621 3152 2051 3247 aliquamdiu
2104 3153 2372 3221 mansit.

356 3249 591 3323 Paulo
643 3257 806 3330 ante
856 3249 1121 3320 festum
1163 3249 1454 3341 jolense
1506 3271 1712 3322 mane
1761 3251 2065 3346 quodam
2116 3249 2375 3321 accidit

354 3350 774 3424 albescente
828 3348 1056 3435 coelo,
1108 3359 1185 3422 111
1235 3348 1651 3424 duodecim1
1707 3372 1932 3425 naves
1983 3348 2264 3442 longae,
2328 3370 2373 3421 a

357 3453 656 3522 meridie
705 3462 976 3539 vcctae,
1027 3472 1068 3522 a
1119 3450 1589 3525 Hvarvsneso
1641 3452 1731 3524 ad
1787 3453 2122 3547 oppidum
2176 3451 2368 3522 navi-

356 3559 628 3644 garent.
732 3548 947 3641 Qvod
981 3553 1627 3625 animadvertentes
1664 3551 2003 3646 Kuflungi
2048 3551 2141 3624 ad
2178 3571 2372 3623 arma

356 3660 866 3754 cucurrerunt,
935 3651 1261 3747 plerique
1335 3674 1517 3725 vero
1584 3675 1678 3724 ex
1743 3655 2008 3748 oppido
2060 3672 2196 3746 per
2244 3672 2368 3723 su-

354 3752 642 3845 periora
693 3743 783 3819 in
816 3760 1166 3838 montem,
1232 3763 1356 3825 aut
1395 3756 1738 3826 interiora
1788 3774 2051 3826 versus
2105 3759 2374 3845 praeter

353 3852 586 3922 36116111
638 3848 852 3922 Olavi
905 3853 1445 3923 contenderunt.
1521 3852 1696 3924 Jon
1744 3840 2186 3946 Kussungus,
2247 3871 2371 3922 co·
2453 3891 2457 3896 ·

351 3954 491 4045 piis
541 3952 634 4022 ad
687 3972 911 4021 naves
959 3949 1133 4023 tuba
1197 3955 1556 4040 evocatis,
1619 3956 1776 4048 ipse
1840 3974 2000 4027 cum
2064 3950 2370 4025 cohorte

354 4069 791 4123 suanavcm
843 4052 1187 4137 ascendit,
1242 4062 1317 4123 et
1370 4055 1439 4122 in
1492 4056 1722 4125 sinum
1776 4055 2051 4127 obviam
2102 4070 2384 4146 prove-

429 4180 475 4249 ι)
512 4184 918 4258 quatuordecim,
960 4182 1049 4248 0,·
1098 4183 1359 4253 tredecim,
1399 4182 1466 4237 B.
