2950 4709
58 4599 282 4685 ,ι
59 4179 66 4588 -Ἷη-ν--η-μ--τ-Ἴ--τᾼ-
58 3919 62 4162 2⁴?—⁴
59 3873 60 3904 ⁴⁴
59 3817 60 3860 ᾼᾼ
59 3749 60 3788 ⁴⁴⁴
59 3717 60 3724 ⁴
59 3629 60 3636 ⁴
59 3557 60 3564 ⁴
59 3537 60 3544 ⁴

641 374 819 463 w
919 419 928 424 -
1070 398 1434 450 msa-omn
1487 394 1712 445 nnete
1766 392 2206 446 effluamus.
2408 394 2487 462 ο,
2518 394 2689 461 157,

643 579 966 680 pluribus
999 579 1185 652 locis
1218 579 1310 651 ad
1360 561 1533 652 litus
1560 576 2005 673 appulerunt,
2056 579 2291 651 statim
2318 577 2686 672 pontibus

641 685 992 777 expositis
1045 683 1117 750 in
1168 702 1387 772 agros
1440 687 1934 765 excurrerunt,
1988 674 2252 749 cibaria
2307 688 2382 750 et
2431 699 2681 772 pecu-

641 787 795 853 nias
859 792 997 852 tam
1060 784 1132 851 in
1198 783 1547 850 montanis
1614 777 2033 849 habitaculis
2084 801 2293 872 quam
2340 780 2414 848 in
2468 799 2682 872 pago

641 882 982 954 inferiore
1034 889 1463 974 quaerentes:
1551 878 1832 969 Quibus
1884 875 2278 948 Birkibeini
2329 877 2415 948 ad
2470 900 2680 970 prae-

641 984 868 1068 dium,·
911 978 1197 1051 Holtas¹
1255 980 1536 1066 dictum,
1590 979 1919 1063 insidiati,
1969 976 2248 1070 Baglos
2301 979 2481 1049 etin
2536 998 2677 1048 se-

643 1092 767 1177 pto
817 1080 1056 1153 villam
1110 1078 1463 1151 ambiente
1517 1088 1591 1149 et
1641 1081 1709 1148 in
1740 1082 1993 1149 itinere
2026 1078 2114 1148 ad
2154 1099 2426 1149 amnem
2461 1074 2672 1147 Ork-

642 1203 802 1252 nam
855 1180 1407 1266 interfecerunt3
1475 1176 1673 1248 multi
1727 1182 1798 1249 in
1847 1199 2069 1271 aquas
2118 1198 2206 1249 se
2259 1180 2672 1271 praecipita-

642 1292 830 1367 runt,
881 1278 1001 1349 alii
1050 1280 1310 1358 flumen
1360 1286 1831 1362 transnatant,
1884 1277 2000 1347 alii
2050 1281 2257 1371 aquis
2293 1277 2672 1347 submersi

644 1383 1028 1474 perierunt.
1132 1376 1259 1448 Sic
1320 1397 1406 1448 se
1471 1374 1683 1468 Bagli
1754 1378 1842 1448 ad
1914 1398 2140 1448 naves
2207 1386 2669 1470 receperunt.

642 1479 872 1552 Etiam
942 1479 1031 1550 ad
1098 1478 1236 1549 alia
1286 1477 1607 1571 quaedam
1663 1476 2055 1549 habitacula
2109 1486 2434 1548 montana
2486 1479 2667 1547 insi-

646 1582 786 1650 diae
836 1579 1069 1665 factae,
1119 1577 1240 1649 ubi
1292 1580 1538 1670 partim
1577 1577 1932 1647 interfecti
1964 1585 2155 1662 sunt,
2206 1579 2453 1669 partim
2483 1575 2667 1667 fuga

645 1688 1068 1766 evaserunt3
1148 1699 1240 1747 ex
1295 1699 1439 1770 quo
1511 1686 1833 1769 tempore
1884 1675 2120 1747 nullas
2171 1674 2472 1768 amplius
2526 1695 2663 1745 ex·

645 1782 1026 1851 cursiones
1086 1778 1433 1848 fecerunt.
1531 1773 1708 1846 Tum
1767 1775 2013 1867 Bagii,
2097 1796 2240 1870 quo
2306 1774 2473 1846 loco
2542 1796 2661 1845 ar-

645 1888 880 1949 menta
910 1876 1478 1947 Birkibeinorum
1536 1882 1809 1962 essent,
1864 1878 2218 1947 certiores
2268 1875 2457 1960 facti,
2509 1884 2659 1946 tre-

644 1981 880 2048 centis
927 1979 1302 2072 sexaginta
1352 1975 1688 2045 militibus
1737 1978 1977 2046 missis
2027 1996 2293 2068 pecora
2344 1975 2435 2044 ad
2488 1973 2659 2047 litus

643 2074 1161 2169 compulerunt,
1214 2084 1288 2145 et
1337 2077 1566 2145 omnia
1616 2075 1704 2144 ad
1758 2096 1971 2145 unum
2014 2084 2307 2145 mactata
2358 2075 2658 2149 navibus

644 2178 1153 2267 imposuerunt.
1244 2172 1482 2243 Unum
1536 2194 1629 2242 ex
1684 2172 2120 2245 Birkibeinis
2171 2175 2263 2243 ad
2317 2174 2656 2267 praedium

643 2274 895 2346 Bodas
945 2272 1581 2369 comprehensum,
1659 2295 1821 2344 cum
1891 2278 2052 2368 quis
2108 2285 2310 2364 esset
2362 2273 2656 2358 celaret,

645 2395 879 2467 seque
917 2374 1221 2468 aliquem
1259 2395 1351 2444 ex
1390 2377 1732 2461 evocatis,
1787 2395 1926 2444 non
1955 2370 2444 2445 Birkibeinum
2484 2393 2654 2443 esse

645 2473 1053 2559 simularet,
1108 2475 1295 2567 pede
1349 2484 1776 2545 truncarunt.
1879 2472 2036 2543 Hoc
2089 2472 2256 2543 loco
2308 2494 2394 2544 se
2447 2471 2700 2564 Regii,

646 2595 854 2644 unam
907 2572 1425 2643 hebdomadem
1480 2576 2008 2657 continuerunt,
2073 2572 2310 2642 nullas
2360 2571 2657 2666 amplius

648 2676 1127 2743 excursiones
1176 2673 1561 2759 facientes3
1611 2673 1921 2765 indeque
1974 2671 2301 2743 Holmum
2355 2671 2656 2766 profecti

645 2782 829 2840 sunt.
931 2770 1119 2840 Post
1169 2770 1327 2840 baec
1395 2792 1550 2841 eam
1601 2775 1906 2842 inierunt
1954 2775 2340 2858 rationem,
2407 2782 2484 2843 ut
2532 2794 2656 2865 po-

643 2870 787 2948 tius
853 2870 1103 2937 iterum
1171 2872 1241 2937 in
1309 2891 1564 2961 pagum
1618 2873 2026 2942 interiorem
2080 2872 2168 2942 ad
2222 2872 2506 2964 praedas
2559 2872 2654 2943 fa-

645 2967 945 3037 ciendas
981 2965 1631 3060 proficiscerentur,
1687 2992 1888 3063 quam
1934 2974 2004 3041 in
2042 2971 2373 3064 oppidum
2411 2975 2654 3042 irrum-
2722 2974 2731 2988 '

645 3087 825 3160 pere
881 3065 1327 3138 conarentur.
1410 3066 1659 3161 ltaque
1712 3073 1781 3138 in
1833 3068 2289 3162 Asijordum²
2341 3075 2413 3140 in
2442 3070 2654 3141 Hind-

645 3162 872 3258 eyas3
921 3166 1252 3261 profecti,
1307 3188 1396 3239 eo
1451 3166 1616 3239 loeo
1670 3168 1940 3263 aliquot
1991 3179 2246 3252 noctes
2289 3180 2652 3241 steterunt.

643 3266 759 3337 Eo
826 3277 1182 3363 tempore·
1214 3289 1397 3360 opus
1451 3268 2055 3360 expediendarum
2108 3272 2389 3342 navium
2441 3270 2529 3341 ad
2578 3270 2649 3339 fi-

645 3388 809 3436 nem
860 3365 1018 3437 fere
1071 3367 1487 3459 perductum
1543 3376 1729 3452 erat,
1796 3368 2124 3438 omnibus
2165 3372 2310 3461 jam
2364 3369 2650 3440 navibus

646 3465 873 3544 latera
925 3463 1418 3549 contabulatis,
1470 3467 1901 3537 intrinsecus
1936 3468 2242 3539 noudum
2298 3469 2648 3562 perfectis.

649 3562 866 3635 Multi
917 3561 1401 3646 hortabantur,
1452 3572 1532 3633 ut
1583 3568 1786 3657 aquis
1819 3570 2450 3653 committerentur,
2498 3589 2646 3638 cum

647 3664 942 3755 primum
1030 3660 1447 3731 viderentur
1533 3661 1889 3734 bominum
1975 3687 2195 3737 onera
2297 3669 2646 3739 sustinere

647 3779 892 3854 posse.
993 3757 1173 3830 Tum
1242 3783 1465 3833 naves
1530 3773 1856 3857 quantum
1920 3765 2071 3836 fieri
2123 3770 2347 3859 potuit
2397 3787 2647 3859 prope-

647 3868 861 3945 ratae,
916 3868 989 3930 et
1037 3871 1117 3932 ut
1167 3864 1457 3955 primum
1516 3862 1713 3935 licuit
1761 3868 1965 3957 aquis
2017 3870 2453 3951 commissae,
2503 3870 2644 3936 uni-

651 3980 1034 4054 versaeque
1088 3983 1248 4055 quae
1300 3974 1570 4055 praesto
1620 3974 1828 4035 erant
1878 3967 2104 4057 copiae
2145 3969 2346 4058 regis
2374 3975 2644 4057 paratae.

723 4180 773 4248 ¹)
809 4183 1005 4253 Balteo,
1048 4184 1129 4250 ⁶3
1166 4186 1391 4257 Rebus,
1432 4187 1498 4246 F.
1577 4188 1629 4257 ²)
1662 4188 1972 4262 Assjordum
2014 4188 2078 4243 G.
2164 4189 2213 4257 ⁸)
2249 4189 2546 4266 Hundeyu,
2580 4190 2643 4243 G.
