2950 4709
339 358 414 422 c.
445 355 707 423 168-69.
802 362 1169 413 merome
1215 355 1441 411 REGIS
1497 362 1935 414 amantius.
2187 339 2364 426 295

335 557 551 648 igitur
601 554 945 623 rationem
1001 552 1436 637 insistemuS,
1487 560 1567 622 ut
1616 555 1755 622 nos
1807 551 2189 623 adversum
2226 570 2359 622 eos

338 651 865 739 convertaniuS,
917 652 1085 746 quid
1139 651 1420 723 fortuna
1475 651 1683 739 ferat,
1735 653 2086 724 tentaturi.
2172 652 2359 723 Mox

339 755 721 827 classicum
777 756 934 825 cani
976 756 1236 846 jussit,
1307 774 1449 846 quo
1520 753 1711 824 facto
1779 776 1936 826 cum
1991 753 2360 824 exercitus

337 856 428 927 ad
485 876 643 926 eum
717 857 1225 938 convenisset,
1297 852 1663 946 extemplo
1731 853 2026 926 boream
2095 872 2358 924 versus

333 960 406 1028 in
475 954 736 1027 vallem
806 957 914 1025 ire
984 954 1388 1038 contendit,
1454 956 1684 1047 ipsius
1750 954 2050 1027 cohorte
2102 973 2360 1043 agmen

335 1055 824 1150 praecedente.
928 1053 1094 1144 Quo
1145 1055 1307 1124 viso
1362 1053 1604 1126 coloni
1673 1077 1863 1127 arma
1930 1065 2358 1126 sumserunt.

340 1154 644 1227 Obviam
703 1174 796 1224 ex
852 1153 1148 1225 diverso
1182 1153 1513 1246 profecti,
1564 1157 1941 1248 congressi
1973 1163 2161 1239 sunt,
2215 1174 2358 1246 quo

339 1255 507 1328 loco
560 1255 647 1327 ab
701 1253 926 1325 altera
980 1262 1181 1346 parte
1238 1265 1391 1325 erat
1441 1254 1666 1343 silva,
1732 1255 1819 1327 ab
1876 1255 2102 1328 altera
2155 1253 2360 1325 limo-

335 1377 465 1429 sus
518 1356 798 1450 quidam
850 1353 1149 1440 rivuluS,
1203 1364 1277 1425 et
1324 1358 1398 1423 in
1449 1360 1849 1451 propinquo
1901 1359 2076 1448 agri.
2167 1353 2359 1439 Rex,

336 1466 416 1527 ut
482 1460 778 1550 primum
847 1454 1173 1539 advenit,
1242 1458 1575 1546 impetum
1646 1460 1718 1527 in
1783 1476 1919 1526 eos
1985 1456 2194 1543 secit3
2266 1474 2360 1524 ex

338 1556 650 1628 adverso
702 1556 902 1647 primi
954 1551 1235 1624 stabant
1283 1555 1765 1648 manipulares
1796 1554 2091 1647 Sigurdi
2140 1556 2359 1646 dyna-

337 1666 472 1727 stae
525 1654 673 1740 filii,
725 1650 1070 1725 vexillum
1124 1657 1281 1747 ejus
1333 1654 1846 1747 praeferentes,
1898 1658 2058 1747 ipso
2109 1651 2359 1748 procul

339 1756 662 1828 ahsente.
765 1753 857 1823 Hi
909 1756 1243 1847 impetum
1295 1754 1578 1825 sortiter
1630 1758 2154 1843 sustinuerunt3
2224 1754 2361 1825 sed

339 1879 498 1928 cum
573 1857 940 1927 exercitus
1034 1857 1283 1947 regius
1368 1852 1685 1928 celerius
1767 1853 2360 1949 subsequeretur,

340 1955 578 2027 coloni
632 1957 946 2027 cunctari
999 1965 1409 2048 coeperunt,
1479 1965 1555 2027 et
1604 1955 2055 2041 consultare,
2126 1964 2360 2026 utrum

335 2058 719 2150 progredi,
794 2078 883 2126 an
937 2056 1230 2149 regredi
1283 2065 1679 2149 praestaret.
1780 2056 2067 2128 Interea
2119 2052 2357 2125 Birki-

334 2156 527 2229 beini
579 2156 968 2251 plerosque
1000 2154 1388 2248 Baglorum
1446 2158 1734 2245 militcS,
1786 2161 1903 2251 qui
1940 2160 2010 2227 in
2049 2177 2357 2250 pugnam

335 2265 888 2350 processerant,
961 2258 1424 2348 dejecerunt,
1479 2258 1968 2351 vexillumque
2021 2256 2357 2328 concide-

336 2367 518 2428 runt.
619 2355 864 2449 ltaque
917 2355 1198 2426 colonis
1252 2376 1337 2425 ea
1391 2361 1742 2429 sententia
1798 2361 2019 2442 stetit,
2072 2364 2149 2426 ut
2195 2353 2357 2425 Bir-

338 2455 667 2526 kibeiuos
716 2458 1044 2542 vitarent,
1088 2460 1377 2549 jamque
1431 2465 1627 2529 totus
1678 2456 2098 2528 colonorum
2146 2476 2356 2525 exer-

338 2559 526 2627 citus
579 2558 646 2626 in
701 2556 938 2648 sugam
993 2577 1081 2627 se
1135 2558 1478 2648 conjecit3
1533 2579 1716 2651 quos
1774 2559 2078 2627 insecuti
2120 2553 2356 2624 Birki-

336 2656 553 2742 heini,
598 2677 917 2749 magnam
948 2655 2005 2743 multitudineminterfecerunt,
2043 2675 2357 2749 vespere

336 2779 422 2827 se
492 2757 581 2828 ad
654 2777 879 2827 naves
951 2766 1402 2851 receperunt.
1504 2757 1662 2830 Hoc
1735 2756 2056 2852 praelium
2130 2775 2356 2850 prope

337 2856 599 2943 villam,
656 2878 811 2952 quae
866 2856 1284 2929 Skarvstadi
1340 2858 1618 2945 dicitur,
1675 2858 1933 2931 sactum
1989 2866 2122 2928 est.

338 2956 513 3030 Rex
565 2955 886 3031 Sverrer
952 2967 1272 3030 tractum
1339 2982 1388 3030 a
1451 2959 1733 3030 colonis
1793 2957 2202 3031 habitatum
2251 2960 2357 3027 in-

1216 3059 1480 3129 cendit.

546 3156 714 3226 169.
813 3156 999 3226 Post
1049 3158 1305 3228 eodem
1362 3159 1479 3227 die
1534 3157 1773 3229 coloni
1829 3160 2363 3234 descenderunt

340 3265 417 3327 et
483 3275 731 3347 pacem
804 3259 1181 3350 petierunt.
1281 3256 1447 3328 Rex
1528 3279 1778 3351 pacem
1859 3261 2183 3334 omnihus
2233 3283 2359 3356 pe-

339 3355 653 3427 tentibus
706 3359 1109 3443 concessit,
1164 3351 1517 3451 quam'oh
1572 3378 1720 3429 rem
1777 3360 2186 3455 complures
2237 3383 2359 3433 co-

342 3455 667 3527 lonorum
723 3457 1280 3545 descenderunt,
1332 3460 1637 3551 regique
1683 3481 2001 3552 magnam
2035 3465 2359 3555 pecuniae

340 3577 677 3627 summam
751 3557 1264 3651 dependerunt.
1368 3556 1537 3650 Quo
1603 3558 1792 3632 facto
1861 3584 1992 3633 rex
2047 3561 2363 3634 Sverrer

341 3653 652 3727 classem
706 3657 1015 3743 abduxit,
1069 3668 1142 3729 et
1192 3679 1276 3730 se
1329 3658 1623 3729 boream
1674 3683 1940 3734 versus
1991 3666 2062 3732 in
2108 3663 2361 3734 Vikam

337 3759 711 3828 convertit.
793 3757 1116 3830 Classem
1174 3763 1245 3829 in
1295 3762 1550 3844 sinum,
1604 3764 1725 3853 qui
1754 3760 2355 3855 Hornesfjordusl

338 3858 612 3943 (licitur,
663 3856 954 3950 appulit,
1005 3863 1463 3953 nuntiumque
1518 3859 1606 3928 ad
1654 3859 1960 3935 colonos
2017 3865 2229 3950 misit,
2283 3872 2361 3934 ut

335 3961 409 4028 in
478 3960 770 4049 gratiam
824 3979 1071 4030 secum
1126 3960 1476 4046 redirent3
1547 3957 1661 4030 alii
1730 3962 1818 4033 ad
1883 3967 2173 4055 gratiam
2227 3985 2341 4033 re-

340 4057 846 4129 conciliandam
880 4059 1435 4145 descenderunt,
1487 4059 1604 4130 alii
1632 4061 1818 4132 domi
1849 4074 2364 4148 remanserunt,

409 4187 457 4258 ι)
499 4189 704 4257 acted,-
748 4190 1194 4264 Fjornesfjordus‚
1231 4189 1296 4247 A·
