2950 4709
607 329 789 421 m
1033 351 1399 404 ms‘ronrn
1452 351 1680 402 neme
1732 349 2171 400 strennuum.
2373 345 2446 409 c,
2477 343 2631 411 159,

609 546 886 616 scutum
920 534 1249 622 habebat,
1300 533 1436 608 sed
1489 533 1796 629 lapidem
1834 554 2043 605 manu
2090 533 2405 620 tenebat,
2456 555 2618 606 cum

608 637 845 711 Askel
874 646 949 708 et
976 634 1216 729 gladio
1250 645 1325 707 et
1372 644 1582 708 scuto
1636 643 1975 705 uteretur.
2071 631 2291 705 Forte
2347 655 2615 706 evene-

610 748 756 823 rat,
834 746 914 808 ut
960 737 1338 807 tentorium
1400 738 1587 806 inter
1651 743 2168 806 concurrentes
2221 736 2621 805 intersitum

614 843 836 912 esset.
901 834 1160 921 Askel,
1212 857 1367 907 cum
1400 835 2010 906 vehementiorem
2044 837 2255 904 ictum
2292 837 2359 904 ei
2390 836 2620 904 inten-

612 947 769 1011 tare
797 934 1047 1022 vellet,
1097 934 1456 1027 gladium
1438 958 1510 1004 ιιι
1529 931 1831 1005 fulcrum
1860 935 2488 1019 tentoriii'ncussiss
2541 941 2626 1004 ut

611 1035 873 1109 infixus
924 1034 1264 1123 haercret3
1322 1057 1461 1129 qua
1510 1031 1636 1106 ille
1688 1035 2071 1104 occasione
2122 1055 2329 1118 usuS,
2380 1025 2623 1104 Aske-

612 1136 756 1209 lem
813 1133 1050 1227 lapide
1102 1138 1486 1226 percussit,
1539 1142 1617 1205 ut
1667 1154 1711 1203 e
1763 1136 2190 1204 munimento
2243 1131 2623 1203 delabere-

612 1246 749 1308 tur.
825 1231 1008 1305 Tum
1059 1231 1492 1325 complureS,
1545 1252 1724 1324 rege
1756 1233 2115 1319 audiente,
2164 1235 2403 1304 testati
2432 1241 2623 1317 sunt,

593 1333 814 1406 ,illum
878 1335 1102 1404 virum
1122 1384 1143 1418 ,
1208 1334 1274 1403 si
1335 1353 1380 1401 a
1444 1335 1599 1403 suis
1665 1331 1988 1424 partibus
2055 1341 2313 1419 staret,
2354 1325 2626 1402 'locuni

613 1449 821 1510 suum
887 1441 1302 1517 tutaturum,
1392 1441 1467 1502 et
1548 1430 2097 1503 incolumitatem
2180 1435 2249 1502 ei
2322 1432 2627 1503 concedi

616 1540 992 1628 oportere3
1043 1532 1232 1625 qnod
1285 1553 1417 1603 rex
1468 1553 1556 1604 se
1599 1531 1847 1603 audire
1877 1531 2356 1604 dissimulavit.
2432 1531 2630 1602 Dein

616 1656 662 1706 e
728 1634 894 1704 navi
961 1634 1164 1724 regia
1217 1630 1362 1724 pilo
1415 1634 1638 1718 ictus,
1713 1653 1755 1702 e
1806 1635 2232 1704 munimento
2285 1630 2629 1725 delapsus

617 1742 753 1806 est.
852 1731 1138 1803 Interea
1188 1730 1421 1802 Askel
1472 1741 2013 1817 resurrexerat,
2079 1731 2323 1802 securi
2390 1730 2629 1825 aliqua

614 1838 689 1905 in
738 1851 1012 1903 manum
1065 1839 1328 1918 sumta3
1397 1834 1795 1925 iterumque
1848 1835 2224 1922 congressi
2277 1841 2491 1917 sunt,
2533 1853 2629 1903 co

614 1930 896 2010 tandem
953 1934 1184 2017 exitu,
1248 1941 1326 2002 ut
1377 1929 1612 2002 Askel
1666 1929 1901 2001 multis
1950 1930 2365 2002 vulneribus
2415 1952 2629 2002 acce-

519 2112 528 2121 ,
613 2034 758 2127 ptis
788 2028 1094 2123 Baglum
1148 2029 1602 2102 interficeret.
1701 2029 1928 2102 Navis
1957 2029 2433 2103 Halvardiana'
2481 2034 2625 2124 pri-

614 2152 729 2202 ma
795 2138 1069 2201 vastata
1136 2138 1286 2215 est,
1361 2129 1621 2200 deinde
1689 2133 1762 2199 in
1826 2153 2035 2202 unam
2105 2141 2269 2224 post
2332 2130 2630 2203 alteram

617 2251 861 2304 earum
914 2232 1259 2324 quinque,
1310 2250 1472 2323 quae
1528 2250 1619 2300 eo
1666 2229 1832 2302 loco
1883 2230 2194 2317 stabant,
2257 2238 2627 2303 transcen-

618 2352 798 2404 sum.
864 2326 1033 2421 Quo
1084 2328 1272 2401 facto
1303 2327 1516 2421 Bagli
1569 2329 1807 2422 fugam
1844 2333 2411 2424 capessiverunt,
2460 2352 2629 2424 pars

615 2435 896 2504 navium
977 2438 1240 2501 terram
1322 2432 1713 2522 petierunt,
1809 2430 2051 2524 ibique
2133 2440 2631 2516 excurrerunt,

618 2533 848 2603 omnia
911 2549 1094 2601 vero
1159 2531 1436 2621 navigia
1500 2527 1777 2601 leviora
1829 2551 1960 2623 per
2010 2533 2374 2603 exteriora
2426 2533 2634 2601 sinus

616 2633 840 2702 remis
891 2628 1429 2701 contenderunt.
1498 2627 1708 2719 Quos
1758 2627 2152 2700 Birkiheini
2212 2651 2354 2700 non
2407 2628 2631 2722 longe

615 2730 1021 2824 persecuti,
1088 2748 1340 2800 omnes
1408 2749 1634 2800 naves
1686 2728 1877 2800 litori
1931 2729 2457 2822 adremigantes
2505 2751 2630 2800 ce·

618 2835 906 2922 peruut3
959 2824 1076 2896 hic
1128 2847 1415 2921 quoque
1466 2837 1630 2898 orto
1665 2827 1942 2921 praelio,
1989 2851 2242 2920 magna
2271 2828 2634 2901 hominum

479 2979 488 2986 -
617 2923 1019 3010 multitudo,
1070 2945 1156 2995 ac
1188 2925 1279 2996 de
1307 2923 1563 3017 Baglis
1601 2925 1900 3019 plurimi,
1950 2929 2384 3000 ceciderunt.
2461 2927 2633 3019 Quo

618 3025 811 3098 facto
861 2976 1255 3095 Birlriheini
1304 3025 1396 3097 ad
1448 3026 1784 3119 oppidum
1846 3032 2169 3115 reversi,
2235 3028 2635 3099 accedente

619 3135 837 3213 aestu,
897 3124 1179 3197 flumine
1229 3135 1447 3198 noctu
1499 3126 1831 3198 subvecti
1878 3138 2062 3199 sunt.
2165 3126 2402 3218 Quum
2454 3126 2636 3197 mili-

620 3234 737 3298 tes
787 3229 860 3296 in
909 3226 1240 3319 oppidum
1293 3235 1686 3312 venerunt,
1752 3230 2107 3319 cognitum
2163 3237 2315 3314 est,
2383 3236 2635 3298 eentu-

620 3329 869 3397 riones
910 3323 1187 3417 Baglis,
1239 3328 1563 3418 cognatis
1617 3334 1691 3396 et
1739 3329 1984 3398 amieis
2034 3329 2213 3413 suis,
2263 3325 2635 3397 incolumi-

620 3434 836 3497 tatem
891 3428 1367 3496 concessisse.
1431 3422 1675 3517 ltaque
1701 3423 2279 3504 Birkiheinorum
2328 3426 2636 3520 quidam,

618 3543 1004 3608 memores,
1056 3545 1216 3616 quae
1257 3525 1731 3616 praecepisset
1760 3546 1914 3611 rex,
1967 3525 2368 3599 cubiculum
2404 3526 2635 3619 quod-

624 3623 805 3706 dam,
858 3623 930 3689 in
980 3642 1123 3715 quo
1166 3619 1376 3714 Bagli
1429 3622 1918 3711 versabantur,
1969 3628 2325 3718 aggressi,
2377 3646 2637 3697 omnes
2736 3648 2744 3657 ·

619 3719 1173 3811 interfecerunt,
1247 3743 1493 3794 eorum
1547 3732 1779 3794 autem
1833 3728 2141 3817 cognati,
2196 3728 2316 3817 qui
2369 3727 2479 3795 eis
2531 3727 2635 3793 in-

624 3819 1101 3892 columitatem
1136 3831 1672 3909 concesserant,
1722 3844 1972 3915 regem
2002 3823 2431 3896 Sverrerem
2459 3823 2635 3894 ade-

623 3935 876 4007 untes,
944 3937 1184 3993 coram
1255 3942 1347 3994 eo
1420 3921 1513 3993 de
1564 3918 1698 3994 hac
1747 3942 1832 3993 re
1882 3926 2118 4017 questi
2168 3933 2352 3994 sunt.
2466 3922 2637 3993 Rex

621 4017 793 4092 huic
841 4022 951 4091 rei
1002 4041 1090 4093 se
1144 4020 1316 4094 utile
1366 4021 1760 4098 remedium
1826 4025 2247 4117 perspicere
2297 4024 2637 4108 ostendit,

622 4128 704 4196 ut
751 4131 1197 4214 quaererent,
1264 4123 1356 4193 si,
1391 4119 1581 4193 forte
1632 4120 1745 4207 hi,
1814 4125 1936 4216 qui
1985 4125 2334 4216 cognatos
2388 4141 2641 4194 eorum
2680 4193 2691 4200 ,
2774 4149 2781 4164 ·
