2950 4709
566 318 734 408 164
995 339 1364 392 nis-roam
1414 269 1642 388 uncas
1695 334 2134 388 suzannam.
2359 335 2437 401 ο,
2461 332 2571 401 96,

562 530 813 603 funera
861 530 1251 623 principum
1294 529 1437 619 Jam
1489 535 1699 598 antea
1745 528 2037 598 inventa
2075 534 2295 597 erant.
2376 522 2570 617 Regi

562 632 767 702 brevi
819 639 988 723 post
1053 632 1192 699 iter
1255 628 1423 698 inde
1495 629 1924 722 comparanti
1976 624 2569 697 Soknadalenses

563 732 810 821 viginti
877 731 1184 824 quinque
1252 727 1562 800 selibras
1624 730 1777 799 auri
1827 727 2360 822 pependerunt,
2422 746 2566 821 quo

564 832 754 902 facto
839 831 1204 901 meridiem
1286 849 1551 902 versus
1630 827 1917 921 Ber-gas
1982 826 2353 922 profectus
2437 835 2569 897 est.

565 930 780 1002 Fama
849 932 941 1002 de
1000 929 1114 1001 his
1182 928 1406 1000 rebus
1474 949 1566 999 eo
1607 932 1750 1022 Jam
1805 930 2013 999 antea
2061 927 2336 1021 perlata
2392 936 2570 1013 erat,

566 1033 758 1126 quod
827 1031 961 1103 hac
1012 1032 1307 1124 primum
1360 1032 1748 1102 occasione
1798 1028 2054 1100 sactum
2110 1038 2244 1099 est.
2343 1028 2567 1099 Nimi-

566 1155 720 1203 rum
790 1133 1232 1225 procedente
1300 1130 1417 1199 die
1469 1128 1759 1200 Saturni
1811 1139 1979 1223 post
2029 1128 2347 1222 praelium
2400 1150 2569 1222 pro-

567 1235 759 1312 ximo
832 1234 1033 1302 navis
1105 1230 1336 1324 aliqua
1399 1228 1488 1299 ad
1559 1230 1894 1323 oppidum
1962 1232 2331 1323 pervenit,
2408 1250 2572 1323 quae

567 1329 658 1404 ad
710 1332 912 1402 aedes
964 1333 1205 1424 regias
1256 1328 1550 1423 appulsa
1602 1339 1732 1400 est.
1819 1330 1995 1401 Haec
2045 1334 2246 1402 navis
2285 1350 2570 1422 proram

571 1443 646 1505 et
693 1434 974 1526 puppim
1042 1452 1301 1503 versus
1370 1430 1654 1523 clypeis
1723 1439 1877 1501 erat
1927 1441 2168 1501 ornata
2223 1439 2298 1500 et
2345 1429 2572 1500 milite

567 1533 756 1605 hene
808 1536 1171 1618 instructa,
1222 1531 1409 1602 adeo
1460 1540 1540 1601 ut
1590 1540 1862 1617 essent,
1914 1534 2033 1624 qui
2064 1534 2288 1624 ipsum
2319 1551 2572 1622 regem

567 1636 913 1725 Magnum
979 1630 1239 1704 advehi
1306 1641 1651 1725 putarent.
1753 1631 2098 1723 Egressis
2161 1634 2230 1701 in
2281 1641 2572 1717 terram,

570 1736 736 1807 tuba
789 1733 1255 1826 significatum
1309 1742 1445 1819 est,
1499 1741 1925 1803 conventum
1970 1754 2008 1802 a
2044 1730 2271 1803 Petro
2300 1732 2570 1802 Porcio

570 1837 804 1904 indici.
887 1832 1054 1925 Quo
1089 1836 1548 1925 congregatis
1601 1832 1934 1904 omnihus,
1978 1833 2374 1926 oppidaniS‚
2424 1829 2569 1901 Pe-

571 1944 728 2005 trus
798 1936 1144 2019 surrexit,
1210 1942 1282 2003 et
1347 1931 1537 2003 hunc
1604 1935 1676 2002 in
1743 1934 2023 2004 modum
2090 1933 2313 2004 verba
2362 1931 2572 2004 fecit:

573 2036 905 2105 convenit
965 2036 1040 2103 in
1092 2054 1206 2102 me
1257 2036 1490 2103 tritum
1541 2032 1751 2103 illud:
1818 2055 2020 2127 saepe
2068 2034 2255 2103 idem
2305 2055 2575 2127 porcus

572 2138 643 2205 in
697 2155 912 2224 agr03
964 2155 1121 2203 nam
1174 2132 1344 2203 mihi
1395 2153 1680 2225 quoque
1732 2132 2001 2205 Porcio
2051 2155 2328 2205 nomen.
2408 2134 2574 2225 Ego

572 2234 734 2321 ille,
805 2237 924 2327 qui
988 2234 1190 2304 brevi
1260 2232 1515 2304 abhinc
1564 2236 1905 2327 temporis
1972 2237 2200 2328 spatio
2272 2256 2364 2305 ex
2433 2233 2576 2305 hoc

574 2335 838 2429 oppido
891 2357 1143 2426 magna
1196 2355 1353 2407 cum
1403 2336 1780 2426 ignominia
1832 2334 2177 2428 expulsus
2220 2345 2296 2407 et
2329 2338 2572 2427 exagi-

571 2445 761 2507 tatus
828 2434 962 2523 sui,
1036 2436 1224 2505 idem
1275 2457 1461 2508 nunc
1511 2433 1767 2507 iterum
1817 2437 2032 2522 redii,
2097 2439 2588 2530 ingentesque·

571 2536 806 2608 habeo
859 2557 1021 2623 reS,
1072 2559 1250 2631 quas
1302 2536 1649 2622 referam,
1700 2545 1998 2607 mortem
2052 2538 2304 2630 Magni
2355 2537 2577 2629 regiS‚

571 2635 860 2706 Haraldi
912 2635 1092 2728 logii
1142 2636 1302 2722 filii,
1357 2635 1560 2708 Ormi
1611 2640 1811 2729 regis
1861 2636 2142 2724 fratriS‚
2192 2636 2578 2729 Asbjornis

460 2758 479 2774 ·
571 2735 783 2807 Jonis
844 2734 1009 2822 filii,
1096 2736 1702 2831 compluriumque
1766 2735 2288 2830 praefectorum.
2408 2738 2579 2808 Rex

574 2833 926 2920 sveri-er,
982 2856 1076 2906 ex
1129 2834 1406 2927 Sognio
1457 2836 1863 2929 profectuS,
1927 2838 2067 2910 huc
2117 2840 2202 2930 in,
2241 2840 2576 2936 oppidum

572 2935 775 3006 brevi
827 2945 1214 3024 venturuS‚
1282 2946 1478 3030 optat
1526 2960 1568 3007 a
1617 2936 1866 3024 vohiS‚
1916 2950 1995 3011 ut
2044 2951 2194 3026 se‚‘
2227 2962 2370 3035 quo
2423 2961 2577 3012 suae

526 3037 889 3129 dignitati
939 3041 1313 3109 conveniat
1364 3036 1665 3138 honore,
1721 3040 2118 3132 excipiatis,
2205 3040 2398 3133 Quid
2451 3061 2576 3110 au·

571 3147 717 3209 tem
771 3159 1010 3209 causae
1066 3149 1213 3226 est,
1278 3161 1406 3211 cur
1457 3161 1710 3209 omnes
1766 3144 1992 3232 capita
2046 3141 2409 3213 demittant
2458 3148 2598 3212 aut-

572 3237 896 3312 vestibus
949 3238 1360 3311 obnubant?
1461 3240 1699 3310 Deum
1752 3248 2007 3327 testor,
2061 3263 2174 3313 me
2229 3263 2578 3337 nunquam

573 3350 781 3412 antea
832 3342 1218 3412 universos
1272 3350 1406 3411 tam
1460 3350 1699 3410 mente
1730 3338 2103 3427 alienatoS‚
2156 3365 2360 3437 quam
2410 3342 2580 3412 hos-

575 3460 697 3524 ce,
767 3439 1372 3509 animadvertisse.
1463 3438 1731 3510 Verum
1785 3440 2133 3513 affirmare
2175 3443 2397 3539 ‚vohis
2447 3435 2590 3535 pro-

574 3547 776 3608 certo
849 3558 1181 3630 possum,
1249 3559 1385 3609 vos
1453 3561 1808 3633 nunquam
1876 3552 2013 3613 tam
2084 3542 2590 3615 miserabiliter

548 3638 944 3733 ‘lamentari
997 3637 1116 3708 aut
1166 3639 1543 3729 singultire
1597 3661 1681 3710 ac
1737 3641 2019 3732 lugere,
2071 3654 2150 3722 ut
2200 3666 2344 3715 non
2394 3662 2585 3714 mor-

576 3749 742 3810 tuus
794 3741 888 3810 sit
938 3757 1074 3808 rex
1124 3739 1460 3830 Magnus,
1517 3748 1854 3834 totusque
1907 3741 2330 3815 occubuerit
2371 3763 2584 3814 exer-

577 3842 761 3910 citus
832 3841 1008 3931 ejus,
1109 3837 1297 3911 Illud
1363 3840 1601 3935 potius
1669 3842 1973 3913 officium
2045 3847 2588 3917 convenientius

554 3940 812 4025 ⁸fuerit,
866 3947 944 4009 ut
993 3960 1240 4010 manes
1300 3961 1548 4013 eorum
1599 3941 1900 4035 placetis
1950 3943 2162 4036 pulsu
2213 3963 2587 4039 campana-

579 4043 730 4109 rum
785 4048 905 4110 aut
956 4050 1203 4126 cantu,
1270 4051 1389 4111 aut
1439 4044 1765 4134 pecuniis
1815 4046 1887 4111 in
1938 4065 2302 4135 pauperes
2360 4045 2588 4115 homi-

580 4160 714 4209 nes
768 4150 888 4211 aut
953 4139 1024 4207 in
1075 4141 1498 4212 sacerdotes
1552 4141 1642 4210 ad
1696 4145 2154 4234 precationes
2206 4143 2587 4214 celebran-
