2950 4709
646 328 814 420 140
1073 354 1442 405 maroam
1494 352 1723 403 ‘neeis
1778 350 2222 402 eveniamus.
2447 347 2662 415 (232,

632 534 943 610 colonos
992 536 1393 609 condictum
1444 544 1816 630 rupturos,
1881 544 2310 629 tempusque
2374 538 2662 629 praesti-

633 645 862 708 tutum
913 638 1049 726 jam
1102 640 1401 723 exiisse,
1452 636 1692 709 classe
1744 632 2022 720 soluta,
2072 633 2241 706 vela
2290 654 2427 728 per
2473 638 2661 706 inte-

635 737 832 811 riora
879 740 1079 809 sinus
1130 737 1361 822 dedit,
1429 756 1731 829 cumque
1792 735 1883 806 ad
1950 735 2323 807 divortium
2376 737 2662 806 sinuum

637 838 1000 923 venisset,
1082 835 1344 921 Ulvum
1408 832 2002 908 Lauvnesensem
2077 843 2153 904 et
2214 832 2663 906 Thorolvum

635 931 1042 1030 Rynipilem
1094 958 1253 1008 cum
1283 955 1421 1010 sex
1447 934 1750 1007 navibus
1780 934 1870 1006 ad
1903 937 2298 1027 emporium
2321 932 2659 1006 Lusense

637 1038 865 1123 misit,
951 1056 1224 1129 eosque
1311 1038 1470 1127 ejus
1537 1035 1680 1108 loci
1748 1034 2194 1128 hypocausta
2271 1034 2660 1120 calfacere,

639 1156 993 1229 quamque
1047 1134 1379 1207 libuisset
1433 1133 1699 1206 laboris
1754 1136 2163 1208 mercedem
2195 1155 2457 1226 capere
2494 1137 2658 1233 Jus-

631 1236 752 1312 sit.
851 1234 972 1305 De
1039 1255 1335 1328 quorum
1401 1236 1658 1305 itinere
1724 1233 1867 1305 hoc
1935 1234 2216 1305 referre
2286 1233 2661 1319 habemns»,

638 1334 831 1430 quod
898 1336 971 1406 in
1040 1336 1429 1427 emporium
1512 1330 1845 1405 Lusense
1914 1334 2258 1427 profecti,
2331 1332 2661 1405 omnibus

636 1455 799 1528 quae
853 1455 1115 1526 capere
1172 1442 1555 1526 potuerunt
1593 1433 1915 1527 direptis,
1973 1436 2360 1527 emporium
2412 1436 2661 1504 incen-.

635 1535 760 1606 dio
803 1532 1264 1618 deleverunt,
1315 1532 1559 1605 nullos
1601 1532 1927 1605 homines
1960 1554 2221 1627 capere
2253 1542 2661 1627 potuerunt.

636 1633 808 1708 Rex
855 1632 1175 1706 Sverrer
1237 1654 1551 1727 vespere
1622 1633 1765 1705 diei
1816 1632 2200 1705 Mercurii1
2272 1655 2432 1705 cum
2486 1654 2658 1725 qua-

641 1735 1038 1807 tuordecim
1121 1733 1422 1805 navibus
1501 1737 1730 1805 sinum
1796 1733 2136 1805 Noricum
2214 1735 2502 1804 intravit
2582 1743 2662 1804 et

641 1856 871 1906 naves
922 1835 1012 1908 ad
1063 1831 1542 1905 Soknadalum
1597 1836 1993 1921 constituit3
2044 1832 2177 1903 die
2239 1843 2473 1907 autem
2521 1831 2658 1907 Jo—

643 1930 797 2005 vis²
849 1954 1076 2018 mane,
1127 1930 1459 2004 militibus
1514 1929 1822 2005 classico
1875 1934 1966 2003 ad
1997 1930 2428 2025 colloquium
2483 1952 2654 2003 con-

642 2036 944 2118 vocatis,
996 2030 1369 2103 consilium
1422 2054 1625 2103 suum
1654 2036 1902 2126 aperit,
1958 2035 2350 2103 exercitum
2401 2036 2659 2104 armari

646 2143 723 2208 et
770 2135 841 2202 in
890 2131 1149 2204 vallem
1202 2132 1456 2223 egredi
1495 2135 1733 2223 jussit,
1785 2136 1880 2204 ita
1929 2142 2009 2204 ut
2059 2152 2151 2206 ex
2197 2136 2456 2226 quovis
2485 2155 2656 2205 con-

641 2231 973 2304 tubernio
1029 2232 1230 2303 duae-
1241 2242 1484 2324 partes
1538 2233 2055 2319 escenderent,
2120 2234 2330 2304 tertia
2378 2234 2483 2304 ad
2532 2254 2655 2303 na-

642 2352 778 2406 ves
832 2323 1342 2408 custodiendas
1391 2343 1833 2419 remaneret,
1895 2335 2322 2426 praecipiens
2385 2342 2463 2404 ut
2511 2335 2655 2432 sim·¹
2722 2383 2727 2388 .

642 2431 835 2525 gulae
904 2454 1129 2505 naves
1198 2454 1564 2507 numerum
1644 2454 1776 2526 pro
1860 2436 2186 2525 portione
2272 2435 2689 2518 mitterent,x

640 2532 801 2606 haec
851 2534 1279 2632 admonens:
1350 2535 1467 2627 qui
1524 2533 1957 2618 escendunt,
2010 2535 2187 2618 iter,
2239 2556 2378 2626 qua
2427 2521 2692 2625 prope*

642 2632 865 2705 silvas
916 2644 1039 2705 aut
1088 2627 1227 2725 qua
1280 2631 1576 2703 latebrae
1627 2642 1795 2704 sunt
1845 2633 2177 2717 eundum,
2222 2642 2430 2703 caute
2483 2632 2652 2703 faci-

638 2742 782 2818 ant,
834 2753 925 2802 nc
978 2732 1148 2825 quid
1203 2730 1431 2802 damni
1486 2732 1652 2804 telis
1704 2730 2012 2806 hostium
2051 2730 2653 2826 accipiatis3-nul.

643 2830 761 2902 los
811 2830 1162 2916 homines,
1216 2833 1350 2901 nisi
1406 2835 1524 2925 qui
1577 2834 2029 2925 occasionem
2085 2842 2404 2904 vestrum
2460 2836 2653 2903 inva-

644 2931 1041 3003 dendorum
1094 2933 1468 3024 captarint,
1522 2931 1927 3019 interficite3
1994 2930 2177 3002 hona
2229 2953 2654 3025 quocunque

639 3029 807 3105 loco
863 3029 1164 3103 facultas
1215 3030 1454 3118 fuerit,
1510 3034 1809 3125 diripite.
1916 3030 1999 3102 Si
2069 3034 2186 3125 qui
2238 3032 2475 3104 coloni
2528 3053 2655 3101 no·-

639 3141 865 3204 strum
917 3151 1388 3223 congressum
1441 3133 1796 3219 vitabunt,
1861 3149 1999 3204 nec
2061 3134 2131 3200 in
2184 3135 2477 3223 gratiam
2527 3151 2653 3201 no-

639 3231 915 3306 biscum
968 3234 1209 3306 redire
1262 3231 1548 3319 volent,
1618 3236 1714 3304 ita
1766 3232 1927 3302 hinc
1993 3232 2490 3317 discedemuS,
2558 3241 2653 3317 ut,

626 3355 785 3426 -quo
838 3332 1004 3406 loco
1056 3354 1241 3403 nunc
1287 3342 1456 3404 sunt
1509 3354 1754 3406 eorum
1795 3330 2013 3417 villae,
2068 3351 2159 3401 eo
2213 3329 2379 3402 loco
2433 3329 2653 3404 facul-

640 3440 857 3502 tatem
928 3434 1193 3521 ignium
1262 3430 1831 3502 calfactoriorum
1898 3439 2015 3502 aut
2080 3430 2465 3501 carbonum
2533 3429 2652 3504 ha-

638 3529 856 3602 bituri
905 3533 1076 3617 sint3
1153 3549 1244 3600 ne
1296 3533 1569 3599 unicam
1624 3531 1906 3622 quidem
1962 3551 2201 3601 casam
2251 3528 2654 3624 relinquite,
2719 3587 2726 3596 .

642 3628 1095 3701 solummodo
1149 3627 1426 3700 aedibus
1478 3632 1744 3717 sacriS,
1794 3633 1859 3701 si
1912 3630 2066 3700 fieri
2117 3633 2386 3723 possit,
2437 3629 2654 3700 absti-

639 3738 829 3800 nete.
930 3726 1094 3798 Jam
1166 3729 1459 3802 militum
1510 3750 1713 3802 more
1764 3731 2278 3821 grassandum,
2341 3730 2655 3822 quando-

639 3827 924 3923 quidem
990 3828 1204 3900 vobis
1272 3832 1695 3922 permissum
1764 3839 1974 3924 atque
2036 3831 2455 3922 imperatum
2506 3839 2654 3916 est3

629 3949 800 4000 -nam
850 3925 1050 4000 multi
1099 3938 1245 4001 tum
1298 3927 1630 4000 licentius
1681 3950 1766 4002 se
1831 3949 2096 4021 gerere
2150 3927 2428 4014 solent,
2498 3949 2656 4000 cum

639 4030 863 4114 vetui,
914 4031 1226 4122 vitaeque
1280 4040 1354 4100 et
1383 4028 1856 4100 membrorum
1893 4050 2163 4120 poenam
2198 4030 2655 4100 comminatus

720 4155 772 4228 ι·)
808 4156 975 4228 ,ιω-ὴ,
1015 4137 1082 4212 Β.
1228 4158 1277 4224 ¹>
1312 4157 1546 4225 veneria,
1587 4158 1656 4212 B.
