2950 4709
365 392 440 456 c,
460 390 603 457 149,
795 395 1185 446 ,ms-roma
1243 394 1468 448 nners
1523 389 1961 464 emanare.
2196 365 2370 454 251

368 587 509 674 ‘que
558 577 949 672 Baglorum
1003 582 1384 675 principes¹
1410 600 1619 652 sacra
1651 597 1744 652 eo
1782 579 1901 652 die
1941 573 2376 669 celebranda

366 680 960 775 frequentaturos.
1011 679 1338 772 Quidam,
1368 684 1488 774 qui
1516 679 2045 773 speculatorum
2076 695 2376 750 munere

365 779 879 873 fungebantur,
956 780 1266 873 paenulis
1328 780 1762 852 monachicis
1828 780 2055 851 induti
2101 782 2176 850 in
2228 795 2373 851 οω-

363 884 666 952 meterio
731 880 1241 968 versabantur,
1323 883 1479 973 qui·
1511 880 1658 951 bini
1723 901 1863 951 una
1930 878 2376 951 ambulantes

366 1001 746 1071 egressum
810 977 1200 1073 Baglorum
1264 979 1852 1072 speculabantur3
1910 976 2128 1072 Bagli
2191 997 2375 1051 vero

363 1083 437 1150 in
488 1079 788 1151 navibus
837 1099 925 1152 se
975 1078 1346 1166 tenebant,
1413 1084 1739 1175 exceptis
1792 1078 1990 1166 lixis,
2041 1081 2163 1174 qui
2213 1098 2375 1150 sca-

363 1178 525 1273 phis
573 1181 665 1252 ad
717 1189 978 1252 terram
1028 1182 1218 1252 vecti
1269 1175 1620 1272 lignorum
1651 1181 2123 1275 petendorum
2158 1197 2378 1250 causa

366 1281 866 1352 escenderunt.
941 1278 1334 1352 Birkibeiui
1372 1301 1647 1368 omneS‚
1699 1283 1820 1376 qui
1860 1283 2155 1375 egressi
2182 1287 2373 1365 sunt,

363 1379 1099 1475 comprehenderunt,
1149 1379 1335 1452 alios
1381 1380 1936 1467 interfecerunt,
1986 1379 2171 1452 alios
2222 1400 2373 1450 mu-

360 1478 684 1567 tilarunt,
768 1501 864 1551 ne
928 1499 1137 1573 quam
1220 1479 1475 1552 famam
1547 1480 1639 1550 ad
1704 1499 1931 1551 naves
1994 1479 2375 1550 referrent.

365 1578 838 1651 Sacerdotem
890 1578 1239 1674 quendam
1307 1581 1473 1650 navi
1536 1597 1916 1676 egressum
1966 1577 2373 1671 prehende

363 1689 548 1765 runt,
603 1682 721 1773 qui
769 1682 1283 1778 interrogatuS,
1334 1699 1424 1750 an
1475 1681 1864 1773 episcopus
1913 1681 2199 1749 missam
2251 1693 2376 1748 ce·-

364 1777 771 1850 lebraturus
809 1788 1040 1864 esset,
1091 1801 1277 1866 enm,
1324 1800 1484 1851 cum
1519 1788 1823 1873 paratus
1843 1789 2069 1864 esset,
2119 1794 2376 1871 egres-

365 1901 611 1951 surum
677 1881 750 1950 in
825 1889 1100 1951 terram
1164 1879 1557 1973 respondit.
1706 1875 2170 1951 Procedente
2229 1880 2375 1971 jam

364 1989 689 2073 tempore
757 1979 1015 2074 aliquis
1067 1977 1448 2074 splendide
1499 1981 1807 2052 vestitus
1860 1997 2089 2074 prope
2139 1978 2228 2050 ab
2270 1980 2375 2049 iis

362 2082 438 2151 in
467 2089 726 2152 terram
746 2077 1485 2173 egrediebatur3·huic
1513 2079 1794 2153 obviam
1819 2083 2377 2173 processerunt3

309 2256 320 2260 ,
364 2201 550 2275 quos
599 2180 726 2253 ille
779 2185 1272 2275 conspicatus,
1338 2203 1499 2252 cum
1564 2182 1636 2251 ei
1684 2183 1931 2251 mirum
1981 2179 2377 2263 videretur,

364 2263 754 2351 monachos
806 2279 1184 2352 humilibus
1250 2279 1520 2352 calceis
1585 2280 1971 2374 rubrisque
2016 2276 2409 2351 tibialibus*

366 2383 492 2466 uti,
543 2379 856 2465 deflexit,
906 2401 1143 2475 neque
1198 2383 1496 2480 propius
1549 2399 1707 2451 eos
1732 2378 2090 2451 accedere
2129 2377 2379 2451 voluit:

368 2476 879 2569 Quaerentibus
929 2478 1331 2565 monachis,
1395 2500 1597 2574 quam
1651 2482 1795 2550 cito
1847 2482 2235 2571 episcopus
2285 2476 2377 2548 ad

367 2583 655 2651 missam
705 2578 1204 2651 celebrandam
1256 2579 1627 2654 adfuturus
1665 2586 1890 2665 esset,
1939 2577 2218 2671 Baglus
2258 2597 2376 2649 re-

367 2680 788 2773 spondit:c
745 2702 903 2751 cum
954 2689 1242 2773 paratus
1293 2680 1451 2765 erit,
1507 2679 1956 2772 egredietur3
2013 2691 2144 2750 cur
2193 2695 2377 2749 vero

368 2779 694 2851 monachi
771 2778 1150 2852 humilibus
1230 2779 1500 2852 calceis
1561 2779 1938 2873 rubrisque
2016 2777 2376 2850 tibialibus

368 2881 706 2951 utuntur?
830 2878 943 2951 llli
992 2889 1274 2968 contra,
1344 2878 1527 2953 ”hoc
1578 2890 1903 2973 tempore
1952 2881 2180 2952 variat
2226 2876 2377 2950 cul-

367 2978 524 3052 tus”
525 3033 548 3067 ,
600 2992 1060 3075 reponentes,
1109 2983 1374 3075 impetu
1425 2980 1616 3053 facto
1669 2978 1990 3051 manibus
2022 2999 2184 3051 eum
2212 2997 2378 3072 pre-

368 3077 808 3167 henderunt3
878 3079 1005 3150 ille
1073 3101 1254 3150 vero
1304 3079 1579 3151 viribus
1633 3102 1837 3173 quam
1892 3079 2379 3150 vehementis-

370 3183 550 3251 sime
603 3177 936 3249 obnitens
981 3182 1058 3248 in
1111 3178 1342 3272 pedes
1394 3200 1483 3251 se
1533 3181 1912 3273 proripuit,
1974 3180 2381 3270 amentique

374 3288 449 3350 et
500 3278 758 3350 furenti
809 3278 1060 3351 similis
1111 3277 1200 3350 ad
1254 3300 1481 3350 naves
1533 3279 1977 3365 decucurrit,
2033 3279 2378 3372 episcopo

371 3382 680 3467 nuntiat,
749 3401 836 3452 se
904 3402 947 3451 a
997 3380 1225 3452 sacris
1292 3377 1638 3462 adeundis
1688 3375 2113 3472 prohibitum
2181 3395 2379 3464 esse,

373 3479 704 3549 indicium
769 3484 927 3551 veri
992 3482 1211 3550 nuntii
1279 3480 1590 3552 afferens
1655 3483 2025 3573 trajectum
2094 3475 2381 3572 spiculo

372 3575 627 3662 femur,
681 3599 888 3671 quem
940 3583 1230 3651 missum
1266 3577 1702 3651 Birkibeinis
1756 3601 1960 3675 quam
2012 3576 2379 3650 monachis

373 3674 787 3747 similiorem
859 3701 1031 3750 esse
1099 3683 1430 3752 asseruit.
1489 3678 1935 3774 ‚Episcopus
1988 3688 2062 3749 et
2108 3677 2383 3752 Reidar

375 3774 927 3871 compluresque
978 3778 1092 3849 alii
1146 3799 1493 3872 proceres
1543 3778 1635 3850 ad
1689 3778 2204 3870 egrediendum
2256 3800 2378 3872 pa-

373 3878 506 3948 rati
561 3886 793 3964 erant,
851 3877 969 3949 alii
1020 3877 1323 3972 scaphas
1366 3880 1509 3970 jam
1565 3879 2166 3965 conscenderant,
2218 3899 2383 3950 cumr

375 3974 494 4047 hic
542 3979 846 4048 nuntius·
879 3976 1136 4049 allatus
1189 3986 1320 4048 est.
1421 3976 1590 4048 Rex
1641 3977 1996 4065 Sverrer,
2066 3979 2382 4069 cognito,

374 4073 652 4168 Baglos
720 4080 1027 4149 nuntium
1098 4079 1514 4170 accepisse,
1592 4079 1662 4147 in
1727 4100 1965 4150 arcem
2032 4097 2380 4148 reversus

378 4185 510 4247 cst.
611 4176 726 4256 Ex
779 4173 919 4251 hoc
967 4186 1291 4275 tempore
1324 4173 1537 4271 Bagli
1590 4182 1817 4272 magis
1838 4177 1991 4259 sibi
2019 4174 2379 4251 cavebant.
