2950 4709
348 361 697 427 c.130.31.
785 365 1149 417 rus-roma
1205 365 1427 416 nuens
1483 365 1921 415 eveum-:mm
2179 337 2359 431 217

344 553 752 645 priusquam
806 551 1218 623 dilucescat.
1320 550 1499 622 Tum
1548 548 1961 645 complures
1987 554 2062 622 in
2092 559 2355 624 terram

349 656 634 742 egressi
686 653 775 723 ad
828 653 1058 723 lucem
1109 649 1514 744 vigilabant.

452 808 457 812 .
587 751 712 823 De
761 752 1077 823 Nicolao
1128 755 1471 846 episcopo
1524 760 1599 821 et
1648 747 2125 822 Birkibeinis.

548 849 715 923 131.
815 851 1098 923 Accidit
1148 851 1384 944 aliquo
1440 852 1593 935 die,
1646 872 1803 921 cum
1855 871 1990 921 rex
2042 847 2358 920 Sverrer

343 951 416 1019 in
441 948 891 1044 Semsljordo
930 962 1177 1038 staret,
1234 960 1310 1022 ut
1344 949 1598 1022 celoce
1647 961 1901 1021 vectus
1951 949 2040 1019 ad
2092 958 2355 1020 terram

342 1049 644 1121 subibat.
700 1061 711 1068 ”
771 1051 979 1144 Bagli
1052 1073 1231 1123 vero
1302 1053 1374 1120 in
1453 1071 1702 1142 rupem
1772 1050 2116 1143 quandam
2186 1069 2354 1140 pro-

342 1153 583 1240 gressi
636 1172 769 1222 eos
819 1151 1302 1223 inclamabant.
1422 1149 1563 1221 Hic
1617 1149 1976 1242 Sigurdus
2031 1150 2353 1240 dynastae

340 1248 565 1321 filius:
622 1272 712 1322 an
765 1250 1080 1323 Sverrer
1131 1252 1281 1339 ille,
1330 1253 1453 1344 qui
1508 1249 1674 1320 mihi
1728 1249 1958 1320 cibum
2011 1249 2231 1333 dedit,
2281 1251 2355 1317 in

341 1348 599 1421 celoce
655 1354 821 1424 est?
923 1352 1108 1423 Huic
1157 1351 1412 1444 Ljotus
1447 1343 1777 1420 Haraldi:
1832 1349 1968 1420 bac
1995 1368 2180 1420 nave
2214 1367 2356 1417 rex

338 1446 656 1521 Sverrer
685 1452 1007 1539 vehitur-3
1062 1462 1138 1521 et
1163 1472 1412 1521 verum
1447 1459 1582 1534 est,
1638 1471 1796 1519 eum
1838 1451 2091 1540 pejori,
2146 1469 2352 1539 quam

339 1549 488 1634 tibi,
539 1549 801 1627 homini
856 1550 1087 1621 cibum
1141 1571 1284 1620 non
1339 1549 1670 1633 dedisse,
1725 1548 1917 1640 quod
1970 1568 2051 1617 re
2108 1556 2351 1617 osten-

342 1647 490 1733 dis,
561 1661 751 1741 puto.
868 1647 1073 1720 Tunc
1125 1653 1511 1742 episcopus
1562 1646 1949 1717 Nicolaus:
2032 1668 2160 1718 cur
2211 1666 2352 1715 non

340 1748 720 1839 egrederis
773 1752 844 1817 in
893 1758 1180 1834 terram,
1234 1748 1604 1821 Svcrrer‘?
1688 1746 1994 1817 Nuncne
2034 1765 2353 1839 pugnare

336 1850 470 1933 vis,
522 1849 787 1942 impie?
843 1849 966 1920 tibi
1015 1848 1209 1920 nulla
1261 1848 1545 1920 vivendi
1581 1850 1775 1918 ‘ratio
1828 1849 2056 1938 magis
2092 1843 2352 1938 placet,

336 1970 543 2041 quam
598 1950 958 2041 praedandi
1014 1960 1089 2019 et
1140 1946 1638 2042 depopulandi.
1755 1945 1917 2017 Jam
1986 1946 2129 2017 boc
2182 1944 2349 2016 loco

334 2056 408 2117 te
462 2048 781 2119 manebo.
902 2047 1401 2142 clypeumque
1464 2047 1764 2119 tollens:
1837 2067 1928 2117 en
1994 2054 2368 2143 manuterq

335 2151 524 2238 gium
560 2170 828 2236 meum3
872 2151 1015 2240 jam
1069 2152 1338 2219 mitram
1397 2168 1604 2239 gero,
1660 2168 1966 2242 eumque
1997 2145 2348 2231 baculum,

337 2269 545 2339 quem
588 2250 798 2338 jussu
852 2271 1050 2342 papae
1102 2260 1348 2320 contra
1399 2253 1488 2317 te*
1529 2247 1775 2334 feram,
1826 2267 2083 2339 nempe
2124 2247 2348 2317 cassi·

337 2346 497 2414 dem
553 2355 627 2415 et
676 2346 1022 2436 gladium3
1077 2369 1236 2440 quae
1288 2366 1481 2416 arma
1533 2345 1794 2429 seram,
1846 2347 2081 2416 donec
2129 2348 2348 2414 inter-

334 2443 571 2514 fectus
623 2454 741 2515 aut
792 2466 1020 2537 regno
1074 2444 1422 2537 expulsus
1476 2447 1644 2513 eris.
1744 2443 2141 2514 Birkibeini
2184 2464 2347 2512 eum

332 2543 722 2613 identidem
788 2543 1363 2638 interpellantes:
1455 2542 1645 2613 haud
1716 2564 2069 2635 egressus
2136 2540 2347 2612 nobis

336 2643 643 2714 difficilis
694 2637 1084 2729 videretur,
1137 2647 1201 2714 si
1253 2646 1354 2714 tui
1407 2651 1706 2727 tantum,
1757 2641 2101 2728 sceleste,
2153 2643 2346 2711 simi-

318 2741 448 2831 ⁴les
500 2743 972 2814 exadversum
1008 2753 1278 2814 starent
1295 2770 1314 2831 3
1371 2751 1445 2812 et
1496 2741 1654 2811 baec
1700 2764 1889 2812 arma
1939 2744 2010 2811 in
2066 2742 2183 2812 die
2233 2738 2344 2811 ul·

331 2845 478 2913 timi
537 2844 783 2934 Jndicii
848 2842 1201 2936 proferes.
1326 2842 1471 2916 Alii
1534 2844 1643 2914 sic
1709 2842 1928 2913 locuti
1982 2849 2183 2913 sunt:
2265 2850 2345 2911 tu

333 2963 524 3013 arma
566 2951 690 3013 'tua
743 2946 1074 3037 nequiter
1125 2963 1377 3036 geres3
1430 2947 1541 3014 sic
1591 2941 1759 3014 olim
1792 2944 2106 3034 gessisti.
2178 2938 2345 3009 Rex

330 3041 725 3126 interfatuS,
778 3064 956 3112 suos
1006 3047 1254 3126 vetuit,
1305 3063 1399 3111 ne
1450 3045 1794 3113 conviciis
1846 3063 2001 3112 cum
2049 3061 2140 3111 eo
2172 3060 2342 3110 con-

330 3141 729 3211 tenderent.
849 3140 1256 3233 Episcopus
1306 3142 1602 3232 adjecit:
1682 3161 1858 3224 vos,
1921 3138 2342 3222 Birkibeini,

322 3237 495 3310 ‘mihi
549 3258 839 3330 semper
889 3241 1096 3309 animi
1147 3237 1700 3314 imbecillitatem
1752 3238 2071 3330 objicitis
2174 3236 2342 3326 Age

321 3343 489 3429 jam,
541 3335 875 3423 Sverrer,
926 3341 996 3407 in
1048 3348 1307 3408 terram
1363 3337 1747 3428 egredere,
1801 3358 1941 3428 ego
1992 3356 2171 3407 vero
2213 3334 2341 3404 tibi

331 3435 605 3508 obviam
659 3436 815 3523 ib03
886 3447 961 3508 et
1012 3440 1454 3529 experientia
1507 3436 1828 3522 docebit,
1888 3446 2117 3507 utrum
2169 3432 2374 3503 mihi·

329 3534 494 3629 plus
545 3535 784 3603 auxilii
836 3536 1031 3607 ferre
1083 3533 1613 3608 valeatsPetrus
1664 3536 2038 3629 apostolus
2071 3544 2143 3605 et
2166 3532 2339 3603 Hal-

330 3633 599 3706 vardus
648 3644 976 3722 sanctuS,
1045 3659 1133 3706 an
1200 3636 1326 3708 tibi
1386 3634 1667 3728 paenula
1718 3633 2066 3719 Gothica,
2129 3654 2335 3727 quam

328 3732 530 3804 colis.
631 3729 813 3802 Tum
865 3755 999 3804 rex
1035 3734 1368 3820 Sverrer,
1419 3738 1517 3804 ita
1570 3743 1644 3804 ut
1692 3735 1805 3803 sui
1856 3735 2218 3804 audirent:
2271 3736 2339 3802 si

328 3853 472 3924 ego
523 3850 611 3900 ac
660 3830 1003 3904 Nicolaus
1055 3836 1684 3926 congrederemur,
1738 3835 1982 3902 canina
2032 3852 2335 3924 aggres-

324 3935 437 4003 sio
506 3940 927 4017 vocaretur,
1008 3954 1166 4002 cum
1234 3935 1468 4012 neutri
1534 3935 1806 4003 animus
1873 3934 2057 4003 insit.
2199 3930 2336 4000 His

328 4031 537 4102 dictis
598 4051 735 4101 rex
802 4031 1125 4105 celocem
1195 4035 1415 4104 remis
1480 4029 1673 4125 abigi
1742 4040 1817 4102 et
1877 4032 1969 4103 ad
2021 4030 2335 4103 classem

321 4130 574 4203 revehi
617 4133 851 4224 jussit.
