2950 4709
334 323 612 393 (χρ-10,
771 321 1135 375 msa-omn
1189 324 1415 375 anons
1470 321 1909 375 evnannms.
2238 302 2345 392 17

331 533 724 608 perpensa,
790 516 856 585 si
921 514 1047 585 ad„
1079 513 1559 586 conditionem
1611 513 1800 585 illam
1853 514 2160 588 ultimam
2214 517 2342 589 de-

331 614 771 701 scendisset,
822 636 1020 686 suam
1076 624 1150 685 et
1199 624 1662 708 cognatorum
1703 615 2029 687 familiam
2085 639 2342 711 prope-

334 715 523 785 diem
594 718 1017 806 exstinctum
1084 717 1167 785 iri
1214 714 1690 809 praevidebat.
1816 716 2170 808 Quocirca
2241 718 2340 789 fa-

331 825 520 887 ctum
576 825 713 902 est,
763 824 842 887 ut
893 816 1009 886 die
1061 814 1243 887 solis
1290 817 1579 888 ineunte
1624 820 1898 909 jejunio
1945 820 2340 912 quadrage-

329 916 564 988 simali
616 915 1075 987 consiliorum
1128 926 1205 987 et
1253 915 1603 988 bonorum
1644 920 2059 989 societatem
2082 923 2342 1012 junge-

328 1024 550 1088 rent.
614 1016 759 1087 Die
811 1016 999 1087 lunae
1034 1018 1357 1111 proxime
1410 1018 1814 1111 insequenti
1859 1018 2339 1113 septuaginta¹

328 1119 467 1189 viri
533 1119 605 1187 in
672 1114 1051 1188 Sverreris
1114 1111 1341 1188 verba
1410 1120 1773 1210 jurarunt,
1860 1138 2155 1212 quorum
2219 1120 2343 1210 alii

329 1216 569 1303 aulici,
621 1216 739 1288 alii
788 1216 1314 1313 speculatoreS,
1365 1216 1489 1289 alli
1538 1220 1923 1312 stipatores
1970 1205 2343 1293 domestici

327 1313 500 1390 facti
552 1326 737 1445 sunt.

923 1414 1301 1490 Somne
1350 1412 1753 1492 samoris.

536 1517 654 1589 10.
754 1515 1071 1603 Sverrer
1135 1524 1454 1612 proxima
1516 1530 1730 1591 nocte
1782 1521 2186 1606 somniavit,
2255 1541 2342 1592 se

329 1611 603 1711 Bergae
654 1622 723 1688 in
777 1618 1101 1689 orientali
1163 1624 1371 1713 regni
1439 1630 1679 1714 parte,
1750 1639 1887 1714 qua
1938 1619 2144 1690 Albis
2192 1618 2341 1689 Ro-

330 1739 608 1791 morum
657 1722 728 1789 iu
780 1737 976 1789 mare
1027 1719 1287 1805 influit,
1355 1724 1673 1806 versari,
1727 1723 2037 1815 itemque
2093 1739 2342 1811 regem

331 1822 677 1912 Magnum
717 1830 791 1891 et
816 1817 1180 1912 Erlingum
1223 1816 1591 1913 dynastam
1643 1822 1714 1891 in
1767 1823 2024 1892 eodem
2078 1822 2342 1914 oppido

335 1943 493 1993 cum
547 1923 773 2014 copiis
821 1922 974 1992 suis
1024 1920 1319 1992 adesse:
1412 1919 1660 1993 Sensit
1689 1943 1824 2015 per
1856 1926 2166 2016 quietem
2219 1943 2341 1993 su-

334 2024 726 2115 spicionem
767 2020 1073 2115 aliquam.
1123 2023 1492 2093 exstitisse
1548 2026 1725 2115 regii
1780 2024 2139 2115 cujusdam
2197 2021 2342 2108 filii,

196 2127 201 2131 ’
336 2126 458 2217 qui
509 2125 578 2191 in
633 2122 896 2214 oppido
948 2125 1232 2192 versari
1284 2122 1507 2215 vulgo
1559 2123 2025 2210 credebatur,
2093 2133 2341 2194 totam-

336 2242 477 2318 que
530 2221 1042 2293 multitudinem
1106 2225 1176 2292 in
1245 2243 1336 2293 eo
1389 2224 1875 2318 conquirendo
1930 2234 2341 2316 occupatam

234 2392 243 2398 .
339 2343 554 2408 esse,
616 2342 704 2393 se
775 2342 955 2394 vero
1006 2322 1235 2415 ipsum
1290 2323 1422 2395 hac
1473 2327 1889 2417 suspicione
1939 2326 2104 2417 peti.
2205 2322 2341 2394 lta-

337 2444 479 2517 que
545 2442 639 2494 ex
705 2423 967 2516 oppido
1036 2443 1122 2495 se
1188 2422 1366 2494 clam
1420 2423 1837 2495 subducens
1887 2427 1958 2493 in
2008 2421 2343 2518 templum

334 2525 630 2609 Mariae,
682 2523 819 2594 sibi
869 2522 1056 2594 forte
1112 2517 1462 2611 oblatum,
1515 2523 1604 2593 ad
1658 2543 1864 2594 sacra
1916 2521 2345 2594 celebranda

335 2627 633 2696 introire
686 2614 824 2694 sibi
874 2626 1077 2695 visus
1126 2634 1278 2712 est,
1345 2624 1467 2696 ubi
1530 2645 1687 2696 cum
1756 2627 1825 2693 in
1867 2621 2341 2718 supplicando

340 2734 546 2796 esset
595 2733 1006 2818 occupatuS,
1059 2727 1173 2795 vir
1222 2726 1499 2819 quidam
1553 2726 1934 2812 accedens,
1984 2724 2345 2818 prehensa

337 2847 582 2911 manu,
652 2846 813 2897 eum
879 2828 950 2894 in
1020 2823 1275 2896 cellam
1341 2847 1383 2897 a
1433 2827 1714 2898 foribus
1760 2828 2053 2897 sacrarii
2103 2829 2172 2896 in
2222 2847 2343 2896 se-

198 2949 203 2954 ·
338 2929 834 3021 ptemtrionem
905 2946 1188 2997 versam
1257 2925 1493 3014 duxit,
1579 2936 1653 2997 et
1715 2930 1809 2998 ita
1878 2927 2126 2998 affatus
2193 2936 2343 2997 est:

338 3046 655 3121 sequere
708 3047 845 3113 me,
901 3025 1145 3113 frater,
1200 3036 1314 3098 est
1365 3029 1554 3123 quod
1607 3029 1840 3097 tecum
1894 3035 2184 3097 secreto
2237 3025 2343 3097 lo·
2469 3048 2475 3057 ·

268 3117 297 3140 ⁴
341 3148 534 3221 quar.
634 3126 859 3199 Visus
926 3126 1065 3198 sibi
1128 3137 1243 3198 est
1296 3149 1458 3198 eum
1512 3129 1865 3210 comitari,
1933 3125 2347 3218 vultumque
2474 3133 2506 3198 ‚²

341 3230 502 3330 ejus
570 3226 954 3320 diligenter
1021 3226 1436 3299 observare.
1557 3225 1692 3297 Hic
1745 3225 2094 3318 decrepiti
2142 3227 2346 3295 senis
2425 3239 2443 3306 ’,ε
2495 3227 2508 3253 ’·

339 3330 659 3420 speciem
712 3322 1100 3421 praebebat,
1153 3331 1385 3422 capite
1435 3329 1670 3398 niveis
1721 3328 1919 3397 canis
1972 3314 2348 3411 albicante,

337 3426 558 3497 barba
612 3431 985 3521 promissa,
1039 3428 1363 3500 vestibus
1414 3425 1788 3499 admodum
1837 3423 2195 3513 demissiS,
2248 3425 2348 3497 fa

338 3532 454 3601 cie
505 3527 844 3615 rubente,
897 3527 1157 3622 capillo
1208 3530 1522 3628 undique
1574 3538 1799 3612 curto,
1848 3529 2155 3626 visuque
2206 3549 2349 3613 ma-

328 3631 565 3749 jorem
636 3631 706 3699 in
773 3630 1059 3702 modum
1122 3623 1437 3701 terribili.
1568 3630 1685 3699 De
1772 3628 2151 3699 adventus
2187 3627 2351 3711 talis

335 3731 470 3801 viri
522 3750 739 3800 eausa
792 3733 1003 3800 anxie
1056 3733 1485 3823 cogitantem
1536 3751 1693 3801 cum
1747 3747 1975 3801 senex
2014 3730 2350 3797 sentiret.
2425 3779 2436 3785 -

336 3849 432 3900 ne
485 3840 799 3918 metuas,
863 3832 1124 3925 inquit,
1186 3829 1442 3918 frater,
1511 3852 1555 3901 a
1617 3829 1784 3901 Deo
1851 3830 2036 3899 enim
2090 3827 2353 3899 missus

337 3950 516 4001 sum.
641 3929 809 4020 Quo
882 3931 1071 4002 dicto
1140 3930 1446 4023 genibus
1516 3934 1674 4039 ejus
1743 3929 1933 3999 humi
2013 3926 2353 3998 accidens

404 4054 459 4126 ¹)
502 4059 779 4134 octoginta,
830 4057 898 4114 H.

407 4156 530 4211 Vol.
571 4155 624 4212 8.
728 4218 737 4226 ‚
1842 4125 1933 4214 B
