2950 4709
300 377 375 438 c,
400 374 508 437 26,
743 375 1105 422 ms‘ronu
1165 375 1386 423 neers
1442 374 1877 424 svnnnnnoe.
2197 347 2318 436 45

303 568 848 633 concesserunt.
978 559 1088 630 Eo
1156 570 1389 630 tamen
1459 580 1586 630 res
1654 558 1935 631 tandem
2006 558 2314 631 deducta

306 671 461 746 est,
528 670 607 731 ut
654 659 1003 731 omnibus
1066 662 1289 750 regiis
1340 663 1409 728 in
1461 659 1838 730 concilium
1889 659 2314 751 prodeundi,

304 781 614 854 quaeque
666 759 762 829 ibi
816 768 1202 851 agerentur
1250 760 1585 831 audiendi
1636 770 1958 852 potestas
2006 759 2312 830 daretur.

302 859 443 931 Hi‘c
495 882 629 931 rex
672 881 849 931 suos
890 864 1112 930 aciem
1164 863 1521 931 instruere
1542 862 1780 951 jussit,
1834 868 1912 930 ut
1939 860 2029 929 ad
2059 863 2314 946 omnia,

303 983 467 1053 quae
525 960 677 1031 haec
729 959 1098 1053 multitudo
1151 961 1394 1031 facere
1463 960 2024 1051 aggrederetur,
2090 962 2314 1054 parati

305 1071 576 1131 essent.
682 1058 844 1151 Quo
904 1064 1100 1146 viso,
1162 1058 1417 1130 incolae
1488 1063 1717 1130 animo
1769 1060 2111 1131 fluctuare
2167 1082 2314 1130 coe-

303 1169 586 1253 perunt,
637 1170 714 1231 ut
765 1163 1002 1231 missis
1053 1158 1241 1231 ultro
1295 1163 1616 1254 citroque
1668 1163 1930 1231 nuntiis
1971 1165 2312 1232 constitu-

304 1271 451 1332 tum
505 1264 633 1345 sit,
684 1263 841 1352 regi
894 1260 1179 1353 quidem
1231 1260 1454 1332 licere
1506 1263 1577 1330 in
1634 1260 2010 1331 concilium
2066 1282 2318 1333 eorum

183 1430 192 1437 .
305 1360 602 1453 prodire
686 1361 1143 1453 mandataque
1227 1382 1360 1454 per
1436 1382 1616 1431 suos
1681 1382 2090 1454 exponere,
2176 1363 2315 1455 ipsi

303 1482 486 1532 vero
539 1460 757 1531 verba
813 1459 1114 1531 faciendi
1170 1470 1589 1554 potestatem
1643 1483 1783 1531 non
1816 1463 2138 1532 concedi.
2216 1461 2318 1532 At

304 1560 640 1652 llelsingi
709 1560 847 1630 hoc
917 1583 1004 1631 ea
1069 1561 1301 1631 solum
1355 1561 1762 1631 conditione
1814 1566 2315 1653 permiserunt,

306 1667 369 1734 si
428 1661 676 1732 eadem
730 1664 845 1731 via
894 1670 1418 1746 reverteretur,
1472 1669 1821 1752 negantes
1872 1682 1957 1731 se
2010 1684 2316 1753 unquam

306 1764 700 1834 transitum·
734 1764 799 1831 ei
832 1782 1355 1833 concessuros.
1455 1759 1696 1854 Atque
1738 1782 1864 1831 res
1908 1782 1998 1833 eo
2029 1762 2314 1835 tandem

311 1862 619 1933 deducta
689 1873 837 1946 est,
909 1871 983 1932 ut
1048 1865 1203 1952 regi
1266 1864 1692 1947 orationem,
1769 1872 2101 1956 quantum
2169 1885 2316 1935 non,

309 1967 702 2055 interrupto
755 1972 1006 2032 tenore
1077 1960 1405 2055 proloqui
1458 1971 1750 2055 posset,
1816 1961 2086 2034 hahere
2140 1963 2318 2036 lice«

307 2074 440 2136 ret.
545 2061 676 2133 Hic
727 2064 942 2152 igitur
993 2064 1102 2132 sic
1151 2060 1371 2132 verba
1421 2062 1665 2132 faeere
1697 2085 1910 2135 orsus
1940 2074 2087 2134 est:
2143 2067 2322 2159 quid.

308 2164 517 2235 nobis
568 2165 832 2233 crimini
887 2162 1058 2232 dare
1110 2164 1443 2255 possitis,
1507 2166 1898 2249 nescimus3
1960 2163 2137 2234 illud
2188 2187 2311 2237 au-

308 2276 454 2336 tem
525 2262 1046 2335 observandum
1117 2273 1268 2351 est,
1355 2285 1513 2335 cum
1583 2285 1717 2334 nos
1785 2284 2038 2335 omnes
2101 2288 2313 2344 unum

306 2364 542 2436 Deum
586 2360 1057 2457 profiteamur,
1111 2385 1319 2457 quem
1372 2374 1640 2456 patrem
1693 2373 2013 2434 nostrum
2063 2363 2306 2459 appel-

308 2464 577 2551 lamuS,
643 2466 1147 2534 necessitatem
1201 2462 1652 2556 officiumque
1698 2472 2015 2533 nostrum
2067 2475 2311 2557 postu-

309 2565 486 2651 lare,
538 2574 614 2635 ut
663 2584 908 2655 pacem
964 2567 1150 2640 inter
1201 2584 1334 2634 nos
1385 2582 1784 2648 servemuS,
1836 2561 2162 2659 alterque
2209 2563 2311 2634 al-

308 2670 447 2737 teri
519 2665 702 2735 haud
754 2684 974 2735 secus
1027 2685 1232 2757 quam
1282 2663 1421 2734 sibi
1472 2666 1606 2756 ipsi
1673 2666 2098 2757 prospiciat3
2181 2687 2308 2737 ne·

308 2788 451 2860 que
521 2768 702 2836 enim
764 2786 1068 2858 unquam
1147 2767 1374 2835 nostri
1431 2763 1642 2836 vobis
1709 2762 1871 2835 mali
1940 2769 2312 2860 quicquam

309 2865 709 2940 intulerunt.
816 2863 1319 2951 Considerate,
1383 2887 1585 2959 quam
1641 2887 1885 2957 parum
1934 2864 2102 2938 honi
2153 2871 2327 2959 regi,
2394 2923 2400 2929 ι

306 2968 581 3058 Magno
632 2965 1073 3058 Erlingoque
1143 2966 1486 3057 dynastae·
1534 2976 1902 3059 acceptum
1961 2966 2326 3050 reseratis„

309 3066 591 3156 Quibus
647 3066 852 3137 dictis
905 3087 1038 3135 rex
1090 3066 1233 3137 duo
1288 3087 1517 3159 equos
1569 3068 1640 3135 in
1691 3066 1996 3136 medium
2050 3067 2315 3158 produ-

306 3178 471 3238 ctos
523 3169 807 3237 mactari
850 3168 1089 3259 jussit,
1145 3166 1417 3250 dicens,
1470 3164 1651 3234 fama
1702 3186 1835 3257 per
1886 3165 2135 3235 orbem
2169 3175 2314 3235 ter-

307 3281 543 3338 rarum
596 3266 955 3358 vulgatum
1008 3268 1117 3350 iri,
1171 3268 1237 3340 si
1288 3264 1426 3335 cibi
1479 3265 1664 3334 adeo
1718 3273 1967 3334 essent
1993 3274 2315 3351 tenaceS,

306 3378 386 3438 ut
451 3366 810 3440 christiani
884 3365 1247 3453 homineS,
1313 3365 1498 3459 apud
1552 3385 1685 3436 eos
1738 3375 2152 3451 versanteS,
2220 3386 2312 3436 ne

307 3468 492 3538 fame
545 3469 903 3559 perirent,
973 3467 1303 3538 carnibus
1373 3468 1650 3561 equinis
1705 3468 1903 3538 vesci
1958 3486 2310 3558 cogeren-

305 3557 441 3639 tur.
546 3566 721 3638 Cum
777 3587 952 3638 vero
1005 3587 1138 3637 rex
1189 3570 1530 3638 orationis
1587 3565 1794 3666 finenn
1846 3565 2168 3652 fecisset,
2224 3570 2312 3653 is,
2419 3635 2422 3638 .

308 3670 425 3762 qui
504 3677 711 3737 antea
790 3666 1094 3738 infamiae
1169 3689 1444 3759 poenam
1530 3664 1764 3737 fuerat
1826 3668 2166 3753 minatuS,
2248 3670 2313 3738 si

305 3771 463 3861 quis
516 3769 672 3857 regi
724 3788 858 3860 per
910 3764 1090 3838 fines
1145 3768 1556 3839 transeundi
1617 3775 2039 3858 potestatem
2095 3765 2310 3839 fecis-

305 3878 462 3952 set,
530 3887 693 3938 eum
748 3864 938 3960 [cum
994 3870 1441 3959 septuaginta
1494 3865 1944 3938 hominihusl
1999 3867 2088 3937 ad
2140 3888 2309 3939 con·

305 3971 571 4040 vivium
622 3970 959 4053 invitavit,
1011 3976 1090 4038 et
1139 3970 1365 4039 ceteri
1418 3966 1762 4060 deinceps
1805 3966 2042 4038 coloni
2083 3969 2314 4058 ipsum

306 4086 466 4138 cum
521 4066 845 4138 omnibus
897 4068 1049 4137 suis
1097 4067 1187 4137 ad
1242 4069 1568 4138 convivia
1611 4076 1973 4137 vocarunt.
2074 4066 2334 4147 Jamti,·

378 4193 424 4260 ι)
463 4196 592 4249 add.
635 4195 717 4261 (³3
753 4198 1107 4272 quadraginta,
1152 4197 1230 4261 B,-
1267 4197 1542 4270 octoginta,
1584 4196 1643 4249 F.
