2950 4709
591 329 773 421 m
1019 354 1385 408 msa-omn
1436 353 1665 405 nume
1714 352 2159 404 suzannam.
2347 346 2612 415 (2139.
2685 317 2698 336 ³

601 543 997 615 conventus
1069 543 1421 634 agitarent
1486 548 1564 612 et
1631 538 2160 634 expeditionem
2226 540 2603 634 interrum-

696 661 779 713 re
844 644 1285 733 cogitarent,
1354 637 1695 713 stimulati
1771 639 2289 711 hortationibus
2362 638 2606 727 olavi,

598 663 1009 813 fflitstokki
1058 742 1253 827 dicti,
1308 744 1429 835 qui
1484 761 1667 812 unus
1717 760 1815 810 ex
1865 738 2328 833 stipatoribus
2373 743 2609 832 regiis

601 852 774 914 erat.
877 838 1046 932 Quo
1098 845 1385 933 cognito
1452 861 1588 911 rex
1647 836 1960 911 Olavum
2012 837 2611 933 conprehensum

598 941 897 1014 interfici
941 945 1179 1034 jussit,
1233 962 1436 1038 quam
1491 939 1584 1012 ob
1636 961 1788 1010 rem
1841 941 2073 1009 ceteri
2113 941 2201 1010 ad
2231 937 2612 1011 consilium

604 1042 1144 1134 exsequendum
1190 1044 1585 1133 segniores
1621 1040 1800 1111 ‘faeti
1852 1047 2036 1110 sunt.
2136 1038 2302 1109 Rex
2352 1041 2615 1111 iterun

601 1140 883 1216 colonis
936 1151 1358 1212 conventum
1430 1141 1719 1225 indixit,
1781 1141 1861 1209 ni
1921 1142 2295 1226 venirent,
2359 1160 2617 1212 omes

599 1259 832 1337 pagos
916 1257 1165 1316 eorum
1246 1241 1827 1318 inflammaturum
1913 1241 2234 1310 minatus.
2364 1237 2616 1334 ltaque

602 1339 842 1428 coloni
927 1339 1464 1412 descenderunt
1547 1350 1624 1410 01
1701 1347 2130 1411 conventum
2203 1360 2362 1411 011111
2397 1360 2616 1433 sege

600 1438 1035 1528 hahuerunt3
1091 1451 1167 1510 et
1218 1440 1494 1511 factum·
1518 1439 1802 1512 tandem
1839 1448 1975 1526 est,
2024 1449 2104 1511 ut
2129 1438 2417 1511 multam
2447 1460 2617 1534 per-

604 1538 987 1612 duellionis
1040 1540 1334 1612 arhitrio
1366 1543 1568 1633 regis
1600 1542 2115 1633 permitterent,
2164 1548 2614 1633 posteroque

604 1642 725 1714 die
792 1640 1011 1714 multa
1077 1640 1289 1712 houm
1340 1642 1752 1711 centenaria
1803 1636 2203 1732 multasque
2256 1638 2435 1710 alias
2484 1660 2614 1711 res

600 1744 676 1814 in
725 1744 1111 1835 impensas¹
1140 1740 1515 1827 classicam,
1566 1742 2007 1811 vacationem
2059 1749 2135 1809 et
2183 1737 2440 1810 multas
2479 1739 2614 1810 110-

600 1851 985 1936 portarent.
1086 1837 1271 1914 Post
1318 1840 1481 1912 haec
1530 1860 1665 1910 rex
1715 1841 2296 1932 septemtrionem
2343 1857 2614 1910 versus

599 1943 674 2012 in
739 1941 994 2034 viltam
1061 1961 1450 2026 reversus,
1529 1937 1830 2011 Osloam
1898 1945 2012 2012 se‘
2053 1941 2443 2024 convertit,
2513 1958 2610 2010 eo

601 2038 795 2134 quod
847 2050 1311 2128 cognoverat,
1362 2038 1638 2132 Baglos
1690 2060 1730 2110 a
1782 2038 2100 2132 partibus
2149 2040 2609 2132 septemtrio·

598 2137 881 2210 nalihus
929 2136 1458 2210 Thrandheimo
1505 2138 1895 2233 profectos
1947 2136 2245 2209 Osloam
2296 2159 2384 2209 se
2435 2159 2610 2209 cou-
2711 2213 2721 2220 ,

598 2237 799 2309 ferre
875 2242 1234 2310 statuisse.
1333 2237 1502 2309 Rex
1569 2236 1845 2310 obviam
1918 2242 2027 2309 eis
2092 2240 2168 2306 in
2225 2239 2612 2331 superiora

602 2340 1090 2426 contendens,
1134 2361 1299 2411 cum
1353 2338 1841 2432 Gjollurasum
1891 2338 2429 2424 adscendisset,
2483 2357 2609 2409 oo-

602 2442 888 2532 gnovit,
944 2460 1078 2511 eos
1130 2461 1264 2536 per
1314 2442 1692 2532 superiora
1741 2438 2109 2511 meridiem
2161 2458 2428 2509 versus
2475 2436 2608 2507 de-

600 2539 937 2626 flexisse,
1018 2549 1099 2611 ut
1156 2541 1458 2636 primum
1533 2560 1785 2632 regem
1859 2542 1932 2609 in
2000 2536 2266 2631 oppido
2336 2536 2608 2609 adessa

602 2643 1137 2730 cognovissent.
1237 2638 1484 2731 Itaque
1550 2659 1685 2709 rex
1753 2636 2070 2710 Sverror
2118 2634 2419 2709 Osloam
2485 2656 2606 2709 re-

600 2758 887 2822 versus,
940 2737 1250 2830 indeque
1288 2735 1798 2829 Tunshergum
1825 2735 2197 2829 profectus
2230 2746 2361 2808 est.
2423 2735 2609 2810 Hinc

598 2834 1008 2928 Philippum
1081 2836 1493 2927 dynastam,
1562 2836 1781 2908 filium
1829 2835 2180 2928 Birgeris-
2206 2834 2467 2909 Brosae
2533 2839 2609 2909 in

601 2934 831 3006 lacum
882 2935 1238 3027 Mjorsum
1284 2937 1509 3022 misit,
1567 2944 1648 3006 ut
1697 2936 1794 3005 ihi
1846 2936 2231 3007 considens
2282 2938 2622 3008 occasio-·

566 3055 766 3105 -nem
816 3043 1137 3127 captaret
1184 3038 1494 3128 impetus
1545 3039 1617 3110 in
1645 3034 1924 3129 Baglos
1955 3035 2290 3125 faciendi3
2346 3037 2610 3107 eodem

604 3138 813 3207 etiam
880 3135 1164 3208 Hidium
1229 3134 1524 3222 fratrem
1591 3138 1870 3208 mittere
1933 3137 2212 3222 statuit,
2279 3136 2414 3207 sed
2478 3134 2605 3207 ille

599 3235 890 3330 paratus
967 3258 1112 3308 11011
1182 3246 1353 3310 erat.
1485 3236 1655 3312 Rex
1720 3234 2152 3326 Tunshergo
2233 3235 2607 3330 profectus
2705 3317 2716 3326 ,

600 3333 887 3429 Bergas
952 3339 1325 3427 cogitavit3
1414 3358 1510 3406 ex
1578 3337 1842 3429 oppido
1910 3334 2210 3406 solvens
2277 3331 2604 3407 s'ecundo

600 3446 820 3506 vento
874 3435 1243 3519 utebatur,
1311 3433 1525 3505 Hidio
1597 3456 1751 3505 cum
1795 3433 2107 3508 cohorte
2157 3456 2289 3509 sua
2339 3436 2607 3508 ibidem

602 3543 1037 3606 remanente.
1109 3532 1277 3604 Rex
1330 3537 1402 3602 in
1453 3533 1989 3626 Helgasnndum
2043 3537 2433 3628 navigavit3
2485 3534 2610 3606 hic

602 3634 819 3718 audit,
871 3631 1259 3723 sigurdum
1308 3632 1636 3726 dynastae
1692 3633 1910 3706 filium
1960 3656 2004 3705 a
2049 3634 2280 3707 horea
2329 3656 2606 3730 111101111-

600 3735 916 3823 vigasse,
967 3754 1010 3803 a
1059 3735 1264 3825 eujus
1312 3734 1760 3828 profectione
1812 3734 2026 3808 Hidio
2077 3738 2375 3830 suisque
2411 3737 2606 3828 peri·

603 3831 838 3906 culum
904 3832 1294 3924 metuebat3
1374 3855 1597 3929 quare
1676 3839 1902 3929 primo
1967 3856 2175 3908 mane
2258 3837 2616 3914 advoeata‘

603 3936 983 4019 concione,
1045 3936 1154 4007 sic
1204 3932 1491 4007 locutus
1544 3948 1692 4011 est:
1743 3957 1869 4008 res
1920 3945 2366 4024 nostrorum,
2418 3955 2607 4030 quos

601 4030 1043 4125 reliquimus,
1092 4037 1166 4104 in
1221 4033 1437 4105 dubio
1490 4038 1769 4106 versari
1815 4035 1984 4108 mihi
2010 4037 2361 4121 videntur,
2408 4035 2618 4129 peri-‘

605 4129 980 4230 culumque
1035 4132 1248 4208 Hidio
1301 4133 1499 4205 fratri
1550 4137 1914 4208 imminere
1966 4145 2171 4232 puto,
2240 4133 2362 4208 ille
2415 4136 2601 4209 enim
