2950 4709
370 383 448 447 c,
479 380 585 448 53,
808 383 1176 432 ms‘roma
1229 382 1455 432 :mars
1511 374 1948 435 amaneum.
2215 360 2378 447 101

367 566 661 662 scaphis
713 570 902 639 inter
948 588 1173 641 naves
1222 567 1393 641 vehi
1444 572 1675 641 coacti
1725 572 1885 641 sint.
1965 565 2173 641 Circa
2200 591 2380 643 vero

369 666 615 764 horam
667 671 1217 763 pomeridianam
1267 674 1543 742 tertiam
1599 669 1923 763 ejusdem
1974 670 2119 741 diei
2155 668 2381 764 Eyol-

370 790 508 839 vus
561 770 825 862 oppido
878 768 1114 843 solvit.
1214 769 1315 841 Ut
1363 780 1599 841 autem
1661 768 1898 841 velum
1966 770 2381 856 sustulerat,
2454 764 2462 772 ’

371 867 682 941 classem
713 874 1099 966 conspexit
1130 875 1328 963 regis
1357 872 1607 962 Magni
1641 893 1680 941 a
1732 870 2027 940 meridie
2064 869 2381 943 Hvarvs-

245 963 256 972 ’
369 974 622 1040 nesum
674 970 1131 1062 praeterserri.
1234 969 1620 1063 Heklungi,
1674 991 1857 1041 nave
1891 969 2160 1061 Eyolvi
2211 992 2382 1042 con-

369 1079 658 1161 specta,
739 1067 1201 1143 Birkibeinos
1282 1090 1454 1143 esse
1538 1073 1705 1156 rati,
1784 1090 1877 1141 ne
1959 1071 2270 1163 praedam
2312 1092 2381 1142 *e

370 1170 691 1240 manibus
746 1171 1213 1257 dimitterent,
1288 1192 1422 1242 eos
1484 1175 1790 1265 quinque
1846 1169 2143 1242 navibus
2194 1171 2384 1243 velis

373 1270 717 1355 insecuti,
787 1269 1079 1342 boream
1146 1292 1407 1343 versus
1470 1292 1701 1365 usque
1766 1273 1836 1340 in
1886 1268 2383 1342 Furosundum

370 1368 721 1461 aufugere
776 1381 1191 1462 coegerunt.
1267 1370 1347 1442 ld
1388 1393 1722 1442 summam
1757 1368 2194 1442 Birkibeinis
2247 1372 2382 1443 dis-

372 1467 755 1541 ficultatem
805 1472 1117 1557 creabat,
1169 1472 1402 1565 quod,
1470 1472 1801 1565 quamdiu
1867 1474 2382 1543 controversiae

371 1572 559 1640 inter
620 1592 873 1664 regem
924 1573 1269 1664 Magnum
1347 1580 1420 1641 et
1466 1592 1716 1663 regem
1752 1568 2198 1642 ‚Sverrerem
2254 1572 2382 1643 du·

371 1668 651 1757 rabant,
722 1672 1048 1742 omnibus
1119 1671 1301 1742 locis
1350 1693 1393 1741 a
1441 1671 1831 1742 meridiano
1883 1669 2085 1741 Stadi
2153 1669 2382 1742 latere

371 1772 554 1856 sitis,
607 1792 1034 1866 quocunque
1091 1772 1594 1865 exploratores
1629 1772 2016 1856 misissent,
2064 1774 2224 1842 sive
2260 1792 2382 1843 co·

371 1867 585 1942 lonos
613 1881 735 1942 aut
782 1872 1081 1960 incolaS,
1129 1877 1289 1945 sive
1341 1882 1783 1944 mercatores
1832 1880 1954 1941 aut
1984 1875 2384 1963 piscatores

365 1974 916 2058 convenissent,
990 1995 1340 2068 nunquam
1410 1975 1545 2043 nisi
1597 1972 1781 2043 falsa
1830 1974 1917 2041 iis
1971 1973 2063 2042 de
2115 1975 2383 2043 itineri·

372 2068 511 2141 bus
592 2073 789 2162 regis
851 2073 1100 2164 Magni
1169 2084 1290 2145 aut
1354 2072 1645 2144 militum
1719 2075 1877 2164 ejus
1944 2071 2397 2159 dicebantur,

372 2172 590 2265 idque
642 2174 709 2242 si
758 2172 880 2243 vel
929 2176 1212 2244 nonnisi
1262 2194 1698 2266 procurrens
1749 2171 2058 2265 lingula,
2108 2182 2269 2258 aut,
2318 2176 2386 2244 si

373 2273 445 2339 in
497 2282 689 2342 terra
741 2283 1227 2360 versarentur,
1279 2273 1511 2345 clivus
1562 2277 1747 2344 inter
1800 2293 1933 2343 eos
1981 2273 2383 2343 intercede-

372 2380 505 2442 ret,
608 2370 884 2443 Omnes
938 2385 1223 2459 contra,
1274 2377 1338 2445 si
1388 2374 1652 2444 milites
1703 2376 1904 2464 regis
1954 2373 2206 2464 Magni
2257 2394 2383 2443 nu-

372 2492 575 2542 mero
645 2481 898 2543 essent
959 2477 1420 2566 superioreS,
1497 2474 1590 2544 de
1660 2473 1882 2543 rebus
1930 2470 2385 2543 Birkibeino-

372 2594 568 2658 rum,
663 2572 1070 2667 ubicunque
1136 2576 1500 2645 constituti
1569 2581 1855 2658 essent,
1940 2571 2383 2662 nuntiabant3

371 2694 535 2765 quae
603 2694 728 2744 res
792 2672 1228 2745 Birkibeinis
1293 2695 1649 2769 magnam.
1687 2692 1887 2765 saepe
1956 2671 2232 2743 cladem
2299 2694 2387 2744 ac

371 2775 544 2843 vitae
588 2772 982 2866 periculum
1033 2773 1279 2846 attulit.
1357 2773 1686 2845 Omnium
1737 2783 1996 2859 autem,
2047 2782 2186 2844 tam
2214 2775 2386 2844 ami·

374 2892 618 2943 corum
674 2896 880 2967 quam
931 2876 1401 2961 inimicorum,
1443 2877 1741 2968 judicio,
1795 2894 1886 2945 eo
1940 2884 2260 2966 tempore
2312 2877 2387 2943 in

371 2972 820 3065 explorando
849 2973 1297 3046 audacissimi
1329 2997 1525 3062 esse,
1574 2978 1841 3068 saepius
1883 2973 1971 3044 ab
2002 2978 2385 3067 insequen-

371 3070 601 3159 tibus,
651 3073 849 3144 nulla
904 3078 1185 3146 omnino
1240 3083 1627 3167 apparente
1679 3075 1934 3147 salutis
1985 3091 2156 3166 spe,
2210 3074 2386 3145 effu·

375 3169 621 3264 gisse,
672 3194 1015 3268 saepeque
1069 3196 1155 3246 se
1208 3185 1455 3265 contra
1508 3195 1680 3261 eoS,
1738 3196 1833 3245 ex
1883 3172 2141 3266 quibus
2193 3171 2388 3243 nulla

371 3292 552 3364 spes
617 3275 934 3345 victoriae
982 3284 1217 3361 esset,
1287 3277 1732 3346 convertisse
1787 3271 2386 3344 existimabantur.

371 3370 453 3442 ln
501 3372 753 3465 praelio
802 3373 1306 3446 Nordnesensi
1356 3376 1621 3446 cecidit
1650 3373 1978 3445 Sindi-ius
2022 3370 2385 3466 Snaebjor·

372 3470 546 3543 nisl.
575 3472 760 3546 filius
817 3484 891 3545 et
940 3475 1248 3547 Narvius
1301 3475 1680 3563 Guttormi‚
1733 3497 1776 3547 e
1829 3478 2026 3568 regis
2076 3471 2387 3545 Sverre-

373 3574 477 3642 ris
545 3577 873 3646 exercitu
944 3575 1372 3670 complures.
1471 3575 1650 3648 Fert
1701 3580 1908 3649 etiam
1960 3596 2202 3647 sermo
2253 3573 2387 3644 bo-

370 3674 654 3791 minum,
705 3674 975 3746 nullum
1025 3676 1343 3769 praelium
1398 3700 1440 3749 a
1492 3698 1671 3768 rege
1713 3675 2073 3748 Sverrere
2127 3674 2388 3745 sactum

348 3776 619 3865 »majori
670 3778 1057 3847 animorum
1110 3779 1410 3864 ardore,
1482 3776 1748 3848 nullum
1803 3777 2190 3848 certamine
2240 3794 2385 3844 ma-

371 3876 487 3966 gis
537 3877 846 3969 ancipiti,
899 3887 1271 3970 antequam
1323 3877 1605 3948 fortuna
1638 3879 2004 3949 victoriam
2036 3876 2386 3945 decerne-

368 3983 507 4059 ret,
559 3979 1014 4048 commissum
1064 3978 1310 4049 fuisse.
1386 3976 1651 4071 Neque
1696 3998 1875 4050 vero
1908 3977 2108 4067 regis
2134 3974 2390 4066 Magni

370 4072 630 4162 milites
697 4078 951 4148 minori
1019 4079 1315 4149 audacia
1382 4076 1773 4163 instabant,
1851 4076 2084 4147 donec
2148 4074 2389 4164 fugam

443 4203 462 4238 ¹
467 4208 497 4275 )
538 4205 839 4278 Saebjomis,
883 4207 950 4272 B,
992 4206 1053 4261 F.
