2950 4709
585 331 753 420 162
1014 357 1378 405 ms'romn
1434 355 1660 403 nmis
1697 355 2150 406 eveum-nus,
2252 324 2327 419 ό,
2357 343 2588 422 949&

544 546 1050 627 „libentissime
1114 544 1584 635 praestitistis,
1667 543 1879 634 digna
1944 545 2228 635 praemia
2277 540 2583 628 referat3

581 650 763 744 ipse,
818 653 1147 737 quantum
1173 641 1551 714 facultates
1581 645 1838 728 sinunt,
1865 663 2015 714 vos
2046 641 2437 712 liberaliter
2466 663 2586 711 re·-

582 745 989 819 munerabo.
1032 761 1033 764 ’
1068 743 1394 814 Jucunda
1451 744 1854 814 recordatio
1888 751 2022 829 est,
2075 764 2254 835 quas
2289 763 2583 835 posses-

580 851 827 918 siones
877 867 963 916 ac
1011 847 1351 937 pecunias
1396 846 1702 936 torquati
1752 835 1891 929 isti,
1944 841 2107 914 huic
2161 842 2348 914 litori
2399 856 2582 935 μνω-

571 952 939 1042 jacentes,
1007 944 1417 1028 habuerint,
1490 964 1617 1013 eas
1670 962 1919 1014 omnes
1970 965 2104 1015 vos
2156 951 2598 1035 accepturos·

585 1069 798 1132 esse,
870 1056 943 1117 et
1007 1053 1362 1137 praeterea
1416 1047 1754 1135 optimas,
1826 1066 1987 1137 quae
2042 1047 2110 1113 in
2166 1043 2302 1113 hoc
2354 1058 2584 1135 regno

584 1148 997 1231 offeruntur,
1049 1146 1339 1213 uxorias
1368 1145 1839 1229 conditioneS,
1886 1143 2209 1238 talesque
2236 1142 2586 1214 honorum

582 1246 851 1332 tituloS,
903 1242 1156 1340 quales
1205 1242 1559 1313 vobismet
1608 1243 2191 1336 ipsis-placeant,
2246 1264 2337 1314 eo
2391 1243 2584 1335 quod

583 1352 655 1419 in
722 1345 864 1417 hoc
935 1342 1183 1438 praelio
1250 1342 1467 1414 multa
1537 1344 2052 1437 acquisivistiS,
2124 1354 2197 1414 et
2263 1343 2582 1437 quaedam

583 1450 832 1534 niniia,
901 1443 1276 1516 multorum
1329 1443 1610 1514 scilicet
1662 1445 2027 1531 invidiam,
2099 1466 2136 1514 a
2192 1465 2327 1537 qua
2382 1443 2588 1512 nohis

585 1549 968 1641 diligenter
1034 1545 1461 1616 cavendum:
1551 1565 1687 1614 nos
1756 1553 1992 1616 autem
2060 1565 2310 1615 omnes
2378 1544 2588 1614 Dens

582 1658 883 1722 tueatur.
986 1645 1314 1738 Excepta
1366 1654 1480 1714 est
1529 1643 1688 1714 har'c
1740 1648 1968 1716 oratio
2027 1665 2276 1735 magua
2326 1666 2412 1714 ac
2465 1665 2587 1715 se·-

585 1750 814 1822 cunda
866 1745 1394 1831 acclamatione,
1446 1763 1838 1839 omnesque
1892 1748 2047 1837 regi
2101 1766 2231 1838 pro
2287 1766 2373 1816 ea
2422 1766 2584 1836 gra-

583 1855 719 1922 tias
772 1856 1143 1942 egerunt.-

925 1948 1258 2041 Corpora
1304 1945 1857 2041 Heklmzyomm
1909 1946 2235 2041 quse-sica.

708 2123 717 2132 ,
785 2050 905 2121 95.
1002 2047 1187 2119 Post
1252 2046 1408 2117 haec
1476 2068 1612 2117 rex
1666 2045 1979 2119 Sverrer
2042 2063 2293 2116 omnes
2358 2066 2587 2117 naves

586 2157 964 2225 introrsum
1035 2147 1425 2219 secundnm
1476 2146 1645 2218 litus
1696 2145 2035 2239 propelli,
2108 2167 2341 2239 eoque
2394 2145 2585 2232 loco,

586 2252 777 2326 unde
845 2250 1054 2320 loetor
1118 2249 1542 2320 cadaverum
1608 2248 2067 2318 animadverti
2120 2268 2260 2317 non
2311 2257 2587 2341 posset,

586 2353 920 2425 constitui
977 2352 1227 2442 jussit3
1314 2370 1452 2444 quo
1523 2347 1689 2419 loco
1775 2347 2081 2418 classem
2161 2344 2588 2439 aliquamdiu

586 2456 828 2526 tenuit.
929 2449 1217 2521 Interim
1284 2451 1375 2521 ad
1441 2470 1603 2520 eum
1656 2447 2202 2519 Sokndalenses
2256 2451 2586 2542 emporii-
2647 2481 2650 2484 ·

588 2576 729 2650 que
797 2572 1141 2625 sessores
1207 2559 1590 2636 venerunt,
1664 2559 1737 2620 et
1801 2551 1871 2618 in
1934 2551 2229 2640 gratiam
2281 2570 2440 2619 cum
2494 2570 2587 2619 eo

587 2655 992 2738 redierunt,
1059 2650 1228 2720 nihil
1303 2672 1551 2720 eorum
1606 2671 1766 2742 quae
1817 2651 2200 2741 imperaret
2249 2669 2589 2719 recusan-

588 2765 733 2838 tes,
802 2751 1021 2845 quod.
1034 2751 1498 2842 jurejurando
1552 2748 2162 2820 confirmaverunt.
2263 2748 2399 2820 Hic
2451 2771 2590 2821 usu

589 2855 802 2938 venit,
855 2850 1045 2944 quod
1097 2849 1318 2940 vulgo
1377 2850 1667 2919 dieitur:
1723 2848 1919 2920 multi
1973 2843 2247 2919 manum
2280 2850 2588 2920 deoscu-

589 2953 850 3038 lantur,
919 2972 1124 3045 quam
1177 2949 1567 3021 abscissam
1620 2958 1984 3043 cuperent.
2083 2946 2251 3019 Rex
2304 2952 2414 3020 eis
2466 2969 2589 3020 ce-

586 3056 907 3146 terisque
975 3049 1253 3122 colonis
1327 3053 1834 3121 necessitatem
1904 3052 2204 3140 injunxit
2285 3069 2590 3143 corpora

587 3155 673 3226 ad
729 3151 1158 3248 sepulturam
1213 3147 1728 3244 comportandi3
1783 3151 2045 3244 cuique
2086 3151 2360 3221 veniam
2392 3150 2591 3221 dedit

584 3255 837 3327 funera
892 3262 1350 3346 cognatorum
1407 3262 1480 3322 et
1530 3251 1932 3336 amicorum,
1986 3258 2240 3342 quanta
2284 3252 2588 3344 quisque

589 3356 955 3447 diligentia
1041 3345 1304 3437 vellet,
1401 3351 1493 3421 ad
1577 3349 2012 3444 sepulturam
2096 3350 2587 3444 componendi.

584 3454 770 3526 Post
823 3451 978 3522 haec
1030 3449 1475 3543 complures,
1546 3459 1619 3520 et
1668 3452 1854 3548 regii
1908 3458 1981 3520 et
2033 3445 2309 3538 coloni,
2358 3453 2588 3545 quoti-

589 3556 704 3625 die
757 3553 845 3623 ad
914 3566 1217 3643 corpora
1285 3551 1671 3643 quaerenda
1736 3550 2023 3644 scaphis
2092 3558 2588 3635 excurrerunt,

587 3671 1056 3745 magnumque
1125 3669 1372 3721 eorum
1436 3671 1804 3732 numerum
1874 3651 2046 3721 mari
2110 3659 2586 3722 extraxerunt.

586 3754 731 3824 Die
785 3751 1085 3847 quodam
1138 3769 1402 3842 corpus
1457 3748 1658 3821 Ormi
1706 3754 1906 3843 regis
1956 3750 2198 3822 fratris
2227 3754 2588 3824 inventum

589 3863 742 3939 est,
797 3860 871 3922 et
919 3851 1006 3922 ab
1061 3853 1303 3921 amicis
1358 3853 1517 3944 ejus
1566 3852 1933 3922 meridiem
1992 3870 2254 3923 versus
2302 3849 2589 3943 Bergas

587 3952 909 4039 relatum,
959 3952 1122 4021 inde
1154 3949 1662 4023 aVikensihus
1695 3960 2060 4044 acceptum
2117 3960 2190 4022 et
2243 3951 2589 4022 orientem

591 4073 855 4124 versus
907 4049 1203 4123 Osloam
1258 4051 1727 4143 deportatum,
1778 4051 1901 4121 ubi
1950 4053 2022 4119 in
2063 4050 2350 4144 lapideo
2400 4053 2588 4145 pari-

592 4161 709 4226 ete
759 4153 941 4224 aedis
990 4150 1327 4225 Halvardi
1370 4153 1571 4243 juxta
1623 4172 1872 4242 regem
1924 4148 2230 4239 lngium,
2297 4150 2588 4221 fratrem
