2950 4709
498 353 507 358 “
563 336 732 427 180
996 326 1362 424 maroam
1415 358 1642 409 unam
1696 343 2133 408 amaneum.
2320 361 2393 426 ο,
2422 343 2574 428 106,

565 552 727 624 dem
777 553 1028 618 aestate
1078 543 1226 615 Jon
1277 543 1684 638 Kuflungus
1744 549 2004 617 iterum
2054 543 2350 616 boream
2402 566 2572 616 ver-

562 671 692 724 sus
740 645 987 719 multis
1033 665 1191 716 cum
1246 643 1619 717 celocibus
1669 644 2081 739 profectus,
2143 648 2574 739 necopinato
2684 683 2688 687 >

561 748 1036 845 supervenire
1091 744 1482 837 cogitabat3
1535 747 1670 817 sed
1721 766 1855 816 rex
1887 742 2203 816 Sverrer
2254 768 2295 816 a
2346 746 2575 816 borea

562 851 840 942 magnis
886 866 1052 922 cum
1088 847 1316 939 copiis
1348 846 1705 918 adversus
1741 866 1902 916 eum
1938 847 2321 918 contendit.
2392 844 2574 918 Tum

562 949 888 1023 Blakkus
938 946 1076 1017 hos
1128 967 1391 1018 versus
1441 948 1951 1039 pronuntiavit.

762 1045 1054 1119 Vexilla
1103 1056 1266 1117 ante
1320 1067 1571 1139 regem
1627 1048 2013 1138 erigamus,

764 1146 1145 1237 Kuflungis
1197 1146 1521 1217 damnosi
1575 1149 1992 1232 existamuS,

766 1255 1048 1318 acutum
1105 1265 1354 1316 ensem
1407 1266 1665 1316 secare
1718 1245 2083 1331 saciamuS,

767 1367 1008 1418 escam
1036 1348 1235 1417 corvi
1259 1345 1608 1439 ungvibus
1628 1344 2077 1439 (laniandam)
2100 1344 2577 1422 dissecemus.

763 1446 1367 1520 Adversariorum
1421 1446 1929 1519 multitudinem
1984 1443 2445 1538 repellamus,

764 1569 1065 1640 regnum
1118 1549 1453 1640 principis
1507 1546 1745 1638 gladio
1800 1567 2164 1651 pacemuS,

771 1647 1015 1719 hastas
1066 1668 1327 1720 cruore
1380 1646 1926 1733 rubefaciamus,

767 1750 1107 1840 majorem
1159 1756 1427 1840 partem
1486 1767 1733 1819 eorum
1784 1746 2303 1818 interficiamus,

568 1847 886 1921 Celoces
938 1868 1116 1919 vero
1153 1845 1674 1939 Kuflungorum
1728 1856 2151 1941 tempestate
2204 1846 2575 1917 immodica

567 1958 729 2021 ante
799 1946 1094 2017 Stadum
1162 1956 1380 2017 noctu
1450 1948 1801 2040 dispersae
1868 1956 2072 2034 sunt,
2154 1967 2246 2017 ex
2314 1947 2574 2041 quibus

566 2051 876 2145 quinque
928 2045 1220 2117 boream
1272 2067 1531 2117 versus
1583 2047 1673 2117 ad
1706 2045 2026 2139 Angrum
2083 2045 2359 2119 delatae.
2424 2045 2576 2117 Has

566 2148 1091 2241 superveniens
1143 2166 1274 2216 rex
1305 2143 1617 2217 Sverrer
1667 2169 1825 2218 cum
1878 2146 2117 2218 multis
2166 2146 2577 2239 ingentibus

566 2246 867 2318 navibus
915 2247 1242 2333 adortuS,
1294 2245 1563 2340 aliquot
1624 2246 1952 2318 homines
2004 2247 2399 2332 interfecit,
2452 2269 2574 2318 ce-

565 2350 747 2420 teris
774 2345 1155 2438 Kuflungis
1198 2367 1417 2419 cursu
1463 2347 1950 2419 evadentibus.
2049 2345 2359 2441 Reliqua
2389 2348 2576 2418 clas-

530 2451 677 2522 .sis
705 2446 1222 2541 Kuflungorum
1275 2449 1345 2516 in
1369 2444 1497 2517 Bir
1500 2447 1828 2519 kibeinos
1878 2448 2132 2519 incidit.
2212 2446 2345 2519 His
2389 2470 2573 2541 prae-

571 2557 727 2621 erat
772 2546 1014 2621 Atlius
1069 2545 1450 2634 SkalmiuS‚
1489 2537 2033 2642 speculatorum
2086 2570 2304 2635 unus,
2369 2551 2577 2641 cujus

568 2648 980 2721 classiarios
1031 2648 1120 2718 ad
1173 2670 1384 2719 unum
1437 2669 1687 2719 omnes
1727 2646 2065 2740 Kuflungi
2115 2649 2577 2720 trucidarunt.

566 2745 802 2820 Paulo
866 2756 1034 2841 post
1100 2750 1328 2840 copiae
1395 2747 1486 2817 ad
1541 2747 1800 2819 Jonem
1833 2746 2268 2841 Kuflungum
2318 2752 2575 2820 iterum

571 2846 1058 2933 confluebant,
1126 2868 1269 2940 quo
1329 2846 1517 2920 facto
1581 2849 1945 2919 meridiem
2000 2869 2263 2920 versus
2314 2870 2575 2921 secun-

573 2949 738 3019 dum
787 2955 1045 3018 terram
1098 2945 1427 3040 profecti,
1476 2947 1685 3023 brevi
1735 2960 2061 3042 tempore
2109 2948 2207 3019 ibi
2244 2971 2575 3022 consum-

570 3059 687 3135 to,
739 3049 1085 3118 orientem
1138 3067 1403 3119 versus
1458 3059 1941 3120 recesserunt.
2044 3048 2208 3120 Rex
2261 3048 2578 3122 Sverrer

573 3169 709 3224 eos
743 3145 1028 3240 Bergas
1061 3168 1292 3243 usque
1321 3157 1772 3242 persecutuS,
1822 3147 2081 3221 Ulvum
2112 3146 2575 3223 Lauvnesen-

569 3270 726 3323 sem
794 3256 870 3322 et
929 3247 1214 3321 Hidium
1278 3246 1569 3322 fratrem
1630 3265 1836 3347 suum
1872 3262 2063 3321 'cum
2133 3249 2371 3322 classe
2436 3271 2576 3321 sex

569 3354 850 3421 navium
884 3352 1231 3421 orientem
1258 3370 1521 3422 versus
1550 3348 1993 3443 speculatum
2022 3353 2375 3444 praemisit.
2442 3349 2577 3422 Hic

565 3450 937 3519 meridiem
988 3459 1248 3519 versus
1299 3451 1370 3517 in
1411 3448 1709 3521 'Rottum
1764 3448 2001 3538 delati,
2056 3451 2456 3523 inciderunt
2503 3452 2576 3521 in

568 3547 1004 3639 KuflungoS‚
1076 3567 1168 3617 eo
1220 3544 1409 3618 loco
1475 3571 1633 3618 cum
1699 3548 1938 3621 classe
1991 3553 2240 3643 viginti
2289 3554 2575 3623 navium

568 3658 692 3720 aut
724 3677 731 3684 ·
758 3645 1109 3718 celocium
1177 3650 1679 3720 consistentes.
1808 3648 2133 3737 Ulviani,
2205 3651 2576 3745 propulsis

568 3749 928 3819 adversus
984 3766 1116 3817 eos
1167 3749 1239 3817 in
1291 3758 1568 3840 portum
1620 3748 1950 3838 navibuS‚
2002 3749 2392 3822 confestim
2432 3749 2578 3822 cla-

567 3867 838 3919 morem
891 3843 1352 3919 sustulerunt.
1453 3848 1818 3942 Kussungi,
1868 3872 2120 3942 regem
2147 3847 2577 3923 Sverrerem

569 3969 726 4019 cum
778 3950 1118 4018 universa
1166 3946 1404 4018 classe
1456 3950 1841 4022 advenisse
1895 3954 2067 4037 rati,
2135 3950 2432 4023 navibus
2485 3971 2579 4021 ex

569 4056 779 4140 portu
827 4046 1108 4118 obviam
1158 4050 1336 4117 actis
1395 4050 1759 4122 meridiem
1810 4070 2077 4121 versus
2128 4049 2577 4142 aufugerunt.

564 4144 681 4217 Ex
747 4146 862 4221 his
931 4148 1109 4219 duas
1178 4146 1518 4236 celoces,
1592 4148 2190 4241 gubernatoribus
2254 4148 2577 4221 Erlendo
