2950 4709
379 338 454 401 c.
476 334 642 420 152·
835 337 1202 386 ms‘ronm
1259 336 1485 394 amus
1540 336 1987 386 svnnnnms.
2220 312 2397 401 279

387 530 463 592 et
511 542 771 593 versus
823 524 1158 594 interiora
1207 522 1298 594 ad
1356 543 1578 595 naves
1631 543 1804 594 suas
1838 523 2223 615 pertendit3
2273 521 2394 594 hie

376 620 811 715 aliquantum
877 626 1218 716 temporis
1285 632 1600 694 moratus
1661 627 1918 693 iterum
1968 623 2057 692 ad
2112 625 2393 694 exerci-

384 730 529 824 tan
581 720 989 808 revehitur,
1067 722 1230 794 luce
1284 726 1428 816 J'am
1483 726 2105 815 appropinquante.
2208 723 2397 794 Mox

385 825 711 893 exercitu
761 825 833 893 in
885 822 1190 915 glaciem
1240 826 1428 894 inter
1479 821 1839 893 Snaeldam
1905 832 1981 893 et
2030 825 2394 893 eontinen-

387 932 532 992 tem
582 920 751 992 tuba
805 933 1241 1009 convocate,
1309 921 1668 1015 postulato
1721 921 2040 994 silentio
2078 921 2268 993 hune
2325 925 2399 992 in

380 1021 669 1091 modum
705 1020 945 1092 verba
1006 1021 1210 1093 fecit:
1282 1022 1399 1093 hic
1461 1044 1761 1114 magnus
1832 1025 2196 1093 exereitus
2252 1024 2397 1113 jam

384 1124 756 1207 convenit,
827 1142 1039 1214 quem
1077 1131 1186 1192 -ut
1246 1121 1456 1193 Deus
1524 1131 1893 1215 protegat,
1958 1121 2167 1192 nobis
2233 1131 2397 1193 ante

383 1224 617 1290 omnia
670 1242 852 1314 opus
907 1231 1037 1293 est.
1157 1221 1616 1314 congregata
1678 1232 1795 1294 est
1855 1222 2211 1294 adversus
2260 1242 2399 1293 uos

382 1317 1086 1392 Thelamarkensium
1143 1331 1216 1393 et
1263 1321 1937 1393 Markomannorum
2001 1321 2400 1407 multitude,

384 1442 568 1514 quos
609 1424 752 1513 jam
807 1441 1155 1492 reversos
1193 1442 1363 1491 esse
1398 1430 1704 1492 autumo.
1783 1420 1999 1510 Quid,
2037 1421 2112 1490 hi
2145 1441 2398 1508 omnes

383 1523 705 1592 nostrine
758 1529 958 1606 sunt,
1023 1542 1113 1589 an
1179 1518 1396 1612 aliqui
1466 1540 1565 1589 ex
1618 1519 1898 1591 colonis
1950 1520 2397 1600 accessere?

382 1618 793 1690 Nuntiatum
847 1628 983 1706 est,
1034 1619 1167 1689 has
1216 1622 1534 1710 ipsorum
1587 1623 1832 1711 copias
1883 1640 2075 1690 esse.
2151 1617 2399 1714 Itaque

384 1740 608 1790 naves
644 1729 926 1790 nostras
976 1719 1485 1805 custodiamus,
1537 1721 1761 1812 inquit
1791 1740 1946 1805 reX,
1997 1718 2400 1812 militesque

388 1819 817 1912 disponendi
868 1819 958 1889 ad
1012 1817 1357 1911 glaciem,
1392 1840 1553 1912 quae
1603 1839 1829 1908 naves
1859 1821 2220 1912 praejacet,
2273 1839 2399 1888 ex-

384 1920 778 1990 cidendam.
877 1918 1036 1990 Hoc
1089 1922 1247 2012 ipso
1300 1929 1657 2014 momento
1701 1919 1990 1990 advenit
2043 1922 2174 2004 vir,
2224 1940 2400 1989 nun-.-

385 2023 606 2106 tians,
667 2018 1180 2090 multitudinem
1234 2019 1322 2090 ab
1378 2030 1540 2091 ortu
1591 2019 1979 2092 advenisse
2032 2041 2074 2090 a
2122 2016 2401 2110 Lauga-

385 2117 644 2205 mulol,
726 2129 1013 2214 tumque
1080 2118 1668 2212 Ryginahergum
1745 2121 2180 2212 praeterisse.
2310 2118 2403 2188 Hi

388 2231 590 2291 erant
639 2219 1177 2305 Skaunienses,
1245 2218 1542 2312 Eyani2,
1609 2217 2058 2304 FoldcnseS,
2126 2217 2400 2310 Heggi-

386 2340 676 2390 nenses.
755 2317 937 2389 Tum
976 2339 1147 2388 rex:
1203 2322 1440 2412 itaque
1490 2323 1674 2389 ratio
1725 2318 2000 2389 consilii
2053 2318 2402 2389 mutanda.

383 2420 595 2513 Equo
648 2418 836 2491 forte
886 2419 1248 2504 insidens,
1316 2438 1407 2488 eo
1478 2427 1735 2489 vectus
1803 2417 1954 2502 est,
2001 2439 2166 2510 ,quo
2233 2416 2400 2489 loeo

385 2522 615 2613 copiae
670 2519 1179 2611 oppidanorum
1232 2516 1733 2603 versabantur,
1804 2527 1878 2588 et
1946 2517 2228 2588 locutus
2286 2527 2403 2590 est

386 2624 521 2707 ita,
575 2629 652 2690 ut
702 2622 981 2713 utrique
1029 2619 1486 2690 exaudirent:
1557 2616 1828 2711 duplex
1877 2638 2027 2711 prae
2079 2615 2400 2698 manibus

386 2724 566 2791 ratio
620 2720 866 2806 adest,
940 2728 1062 2790 aut
1124 2718 1358 2810 fugam
1429 2739 1864 2812 capessere,
1931 2727 2053 2788 aut
2097 2716 2400 2792 colonos

389 2824 761 2914 excipere3
827 2841 1076 2914 pacem
1129 2841 1169 2889 a
1222 2819 1502 2892 colonis
1555 2831 1843 2913 petere,
1907 2817 2171 2889 frustra
2224 2819 2396 2887 erit:

385 2930 457 2993 at
507 2923 717 2991 iidem
755 2920 1073 2992 leviores
1125 2921 1461 3006 adverso,
1514 2941 1718 3013 quam
1773 2940 2036 2992 averso
2089 2938 2399 3011 corpore

386 3026 571 3092 ictus
624 3024 989 3114 accipient.
1055 3020 1401 3090 Universi
1448 3040 1601 3088 rem
1653 3022 1883 3111 ipsius
1910 3015 2199 3088 arbitrio
2232 3038 2396 3110 per-

384 3124 766 3205 miser-,unt
820 3141 1006 3189 nune
1056 3129 1135 3189 ut
1182 3130 1392 3189 antea
1441 3126 1791 3188 testantes
1807 3169 1828 3203 ,
1880 3138 2033 3186 rem
2084 3120 2214 3190 ita
2231 3137 2396 3209 pro-

385 3223 739 3315 sperrime
794 3221 1160 3289 exituram.
1240 3215 1418 3287 Tum
1475 3217 1872 3309 oppidanos
1910 3217 2397 3307 interrogavit,

383 3331 614 3392 utrum
670 3318 954 3412 aliquod
1007 3317 1342 3389 auxilium
1381 3315 1520 3388 sibi
1558 3326 1905 3410 praestare
1936 3314 2234 3401 vellent,
2285 3336 2397 3401 an,

386 3431 465 3493 ,ut
517 3424 631 3491 sui
684 3422 942 3513 quique
997 3441 1235 3490 curam
1289 3427 1667 3510 gererent,
1718 3425 2213 3509 praeoptarent.
2316 3414 2396 3485 ln

385 3542 522 3591 vos
574 3529 848 3604 autem,
917 3518 1352 3605 Birkibeini,
1420 3526 1633 3588 vetus
1699 3516 1874 3588 illud
1939 3514 2396 3609 proverbium

329 3621 750 3711 congruit:
806 3641 960 3690 eum
993 3642 1171 3691 usus
1198 3614 1501 3703 venerit,
1553 3620 1779 3689 amico
1816 3615 2173 3687 utendum.
2252 3614 2394 3686 Co·
2475 3607 2515 3668 Γ

390 3720 538 3792 loni
591 3732 664 3789 et
714 3721 1043 3813 oppidani
1095 3720 1644 3812 responderunt,
1696 3738 1780 3788 se
1834 3737 2080 3809 regem
2118 3737 2250 3809 pro
2293 3718 2393 3790 vi

387 3821 500 3893 rili
552 3821 892 3913 adjuvare
946 3819 1178 3906 velle3
1234 3818 1426 3912 quod
1483 3826 1555 3887 et
1603 3816 1948 3890 fecerunt.

460 3976 505 4041 1)
557 3978 914 4053 Langamoso,
967 3975 1032 4028 B.
1150 3974 1204 4042 ²)
1258 3976 1290 4029 i.
1321 3998 1363 4031 e.
1417 3947 1602 4031 accolae
1647 3977 1786 4030 lacus
1832 3972 2049 4048 Eyensis
2098 3968 2397 4040 (Eyavatn‚

389 4047 626 4143 diei-en).
