2950 4709
209 323 224 334 ’
339 350 663 419 alte-47,
782 349 1151 407 moronis
1201 356 1428 407 nnete
1480 355 1923 422 ermannusq
2241 331 2363 424 79

338 558 510 633 pem
559 537 736 609 ferri
779 540 1117 631 jusserat,
1171 540 1481 612 nondum
1535 545 1720 616 enim
1772 564 2023 616 omnes
2072 544 2354 638 Magni·

337 643 499 725 ani,
566 661 609 710 a
677 634 934 733 quibus
999 642 1417 714 acerrimum
1483 647 1931 735 exspectavit
1994 647 2354 738 impetum,

346 740 440 809 de
503 759 682 832 rupe
753 739 1294 812 descenderant.
1422 740 1588 812 Rex
1647 743 1962 836 Magnus
2026 767 2355 838 magnum

342 856 710 909 numerum
783 835 1109 926 militum,
1179 844 1300 934 qui
1349 833 1810 914 Birkiheinos
1876 866 1916 914 a
1968 853 2178 935 tergo
2231 847 2354 915 ad-

343 941 725 1023 orirentur,
777 941 849 1007 in
900 941 1176 1010 insidiis
1228 939 1656 1029 collocarat3
1708 942 1822 1012 his
1878 953 2183 1036 praeerat
2229 945 2354 1015 Ni-

341 1037 597 1109 colaus
666 1038 864 1107 Arnii
926 1037 1153 1125 filius,
1221 1036 1446 1111 frater
1513 1040 1689 1132 lngii
1751 1046 1969 1134 regis.
2073 1041 2354 1133 Quibus

341 1155 481 1207 rex
549 1135 866 1209 Sverrer
942 1160 1215 1209 manum
1302 1140 1668 1234 opposuit,
1745 1142 2093 1235 praefecto
2160 1143 2352 1215 Ulvo

340 1229 861 1309 Lauvnesensi.
964 1237 1131 1329 Quo
1182 1237 1440 1311 factum
1492 1249 1642 1327 est,
1709 1252 1787 1312 ut
1834 1264 2082 1316 manus
2133 1265 2175 1314 a
2223 1239 2353 1314 Ni-

342 1337 553 1409 eolao
605 1338 818 1408 dueta
867 1337 1042 1410 nulli
1092 1343 1374 1411 omnino
1423 1344 1588 1412 usui
1639 1345 1796 1433 regi
1826 1343 2099 1436 Magno
2132 1352 2352 1416 esset.

402 1436 667 1510 Oratio
687 1442 902 1533 -reyis
937 1436 1325 1511 Sverreris
1354 1462 1603 1511 coram
1653 1446 1985 1513 exercitu
2034 1440 2302 1514 habita.

471 1588 476 1592 -
541 1534 664 1609 47.
762 1538 929 1609 Rex
980 1537 1328 1627 Sverrer,
1378 1541 1752 1634 ante‘quam
1804 1543 1998 1613 acies
2051 1562 2352 1612 concur·

341 1649 610 1726 terent,
672 1639 857 1731 apud
912 1638 1170 1709 milites
1221 1643 1654 1710 concionans
1706 1639 1894 1711 hune
1945 1644 2017 1710 in
2068 1641 2354 1715 modum
2484 1681 2499 1688 -

340 1741 567 1812 verba
599 1739 802 1809 fecit:
856 1737 972 1808 hie
997 1760 1303 1831 magnus
1330 1739 1687 1810 hominum
1737 1761 2075 1812 numerus
2110 1740 2353 1834 splen-

345 1841 716 1934 didasque
752 1840 1113 1909 exereitus
1166 1843 1521 1926 convenit,
1574 1841 1942 1934 credoque
1990 1862 2176 1911 nune
2229 1862 2351 1934 ap-

341 1961 626 2035 parere,
677 1942 887 2010 nobis
942 1958 1113 2009 esse
1166 1962 1322 2011 eum
1371 1942 1617 2032 impari
1652 1944 2009 2034 copiarum
2055 1961 2353 2013 numero

345 2040 848 2112 dimicandum:
902 2038 1243 2110 cohortes
1297 2042 1481 2110 enim
1516 2040 1767 2133 Magni
1811 2044 2032 2132 regis,
2085 2045 2352 2112 auratis

342 2144 560 2212 armis
610 2143 1089 2234 pretiosisque
1140 2137 1463 2210 vestibus
1514 2139 1830 2232 fulgidae,
1887 2150 2103 2213 totam
2131 2141 2352 2234 plani-

341 2243 514 2312 tiem
569 2248 1040 2333 occuparunt3
1095 2261 1254 2333 quae
1306 2249 1608 2334 utraque
1661 2243 1727 2310 si
1777 2262 1913 2311 vos
1965 2240 2184 2312 hodie
2225 2262 2352 2312 ve-

345 2344 545 2435 speri
594 2344 666 2409 in
718 2340 1049 2434 oppidum
1103 2339 1465 2425 referetis,
1517 2361 1668 2418 rem
1698 2339 2045 2433 praeelare
2076 2350 2354 2432 gestam

343 2440 631 2535 putabo.
707 2439 1296 2525 Animadvertite,
1346 2438 1635 2525 milites,
1685 2439 1944 2509 honum
1973 2460 2144 2511 esse
2175 2439 2356 2511 duas

345 2540 617 2611 habere
670 2541 1151 2624 conditiones,
1217 2559 1466 2625 unam,
1515 2551 1596 2610 ut
1645 2538 1926 2609 fortiter
1973 2539 2354 2633 pugnando

347 2644 648 2714 victoria
698 2644 1079 2734 potiamur,
1128 2639 1443 2725 alteram,
1499 2648 1578 2710 ut
1626 2639 1907 2710 fortiter
1954 2649 2355 2733 pugnantes

345 2749 648 2811 mortem
713 2747 1151 2832 oppetemus.
1278 2737 1488 2809 Haud
1554 2740 1857 2833 perinde
1925 2749 2072 2825 est,
2139 2760 2226 2809 ae
2289 2740 2356 2811 si

344 2844 420 2911 in
471 2838 724 2911 silvam
790 2841 881 2910 ad
933 2840 1296 2910 materiem
1364 2840 1777 2911 eaedendam
1841 2839 2195 2932 proficisci
2238 2842 2353 2933 ju·

198 2959 216 2975 ‘
346 2937 693 3025 beamini,
761 2962 922 3011 cum
991 2938 1201 3011 vobis
1268 2959 1395 3010 res
1462 2962 1624 3027 cum
1692 2940 2054 3034 praefectis
2102 2940 2357 3031 Magni

345 3044 548 3132 regis
581 3043 902 3110 eominus
936 3039 1256 3132 gerenda
1288 3048 1422 3125 est,
1472 3038 1792 3134 nihilque
1822 3039 2039 3110 habet
2061 3043 2355 3131 turpitu-

349 3142 537 3214 dinis
590 3154 664 3209 et
712 3139 979 3210 inferre
1032 3160 1297 3231 graves
1346 3141 1534 3209 ictus
1586 3149 1661 3209 et
1711 3142 2062 3233 accipere.
2166 3138 2356 3207 Con*

348 3247 612 3336 gruunt
660 3237 730 3308 in
782 3239 962 3310 hane
1015 3259 1167 3308 rem
1219 3247 1613 3331 sequentes
1662 3247 1900 3331 poetae
1953 3257 2254 3309 versus:

450 3338 679 3425 Haud,
733 3342 849 3434 qui
905 3340 1272 3433 dynastam
1325 3337 1588 3410 infesto
1642 3336 1882 3430 gladio
1934 3340 2229 3431 impetit,

449 3440 747 3532 perinde
801 3449 939 3525 est,
990 3462 1075 3510 ae
1126 3441 1191 3510 si
1243 3438 1434 3531 ligna
1484 3437 1699 3510 findat
1749 3439 1964 3509 arida.

347 3534 544 3610 Idem
594 3547 900 3610 testatus
952 3548 1068 3609 est
1115 3538 1419 3624 colonus
1470 3538 1748 3633 aliquiS,
1802 3542 2111 3632 quinum
2141 3533 2357 3607 filium

348 3659 553 3709 snum
607 3639 694 3710 ad
749 3660 976 3710 naves
1025 3638 1326 3710 bellicas
1380 3638 1750 3711 deducens
1801 3638 2009 3710 bonis
2038 3637 2358 3710 consiliis

349 3740 740 3830 adjuvaret,
793 3760 1123 3832 eumque,
1172 3748 1253 3810 ut
1301 3759 1387 3809 se
1439 3738 1697 3810 fortem
1750 3760 1834 3809 ae
1885 3738 2203 3809 laborum
2236 3759 2358 3829 pa-

347 3841 640 3934 tientem
696 3848 1092 3932 praestaret,
1144 3837 1588 3932 hortaretur:
1658 3837 1837 3907 fama
1892 3842 2149 3931 cuique
2204 3838 2357 3907 diu-

347 3940 623 4009 tissime
693 3948 1110 4033 superstes,
1179 3940 1435 4032 inquit3
1505 3960 1650 4031 quo
1700 3960 1950 4032 quaeso
2017 3948 2090 4007 te
2141 3934 2357 4007 modo

350 4058 681 4130 gereres,
731 4041 797 4109 si
849 4042 920 4108 in
972 4037 1293 4132 praelium
1341 4042 1502 4109 iens
1555 4042 1960 4132 praeseireS,
2012 4036 2137 4107 tihi
2185 4039 2357 4107 esse

348 4138 848 4232 pereundum?
917 4137 1051 4211 Cui
1098 4137 1321 4209 filius:
1374 4140 1496 4234 qui
1546 4148 1691 4211 tum
1742 4156 2139 4232 parcerem,
2191 4134 2361 4226 quin
