2950 4709
540 308 731 416 ⁸168
990 329 1358 383 nus-roma
1409 330 1638 384 nnete
1689 329 2126 382 emanans.
2359 327 2435 396 c,
2459 331 2568 423 99,

556 518 852 607 bantur,
921 469 1451 614 praeberemus,
1513 538 1640 591 res
1689 516 1919 606 bene,
1986 537 2074 589 ac
2136 537 2271 612 pro
2337 538 2429 590 eo
2479 538 2566 591 ac

531 641 686 716 par
736 628 873 707 est,
924 639 1011 691 se
1062 619 1379 691 haberet.
1458 618 1704 691 Facile
1755 622 2084 713 poteritis
2129 618 2564 712 intelligere,

556 730 817 816 quanto
886 722 955 792 ei
1006 742 1308 811 regnum
1356 723 1671 807 steterit,
1737 728 2111 813 antequam
2162 720 2236 790 id
2288 718 2563 792 obtinu-

430 896 447 904 κ
554 824 779 908 isset,
847 829 1020 915 quot
1081 824 1377 915 insuper
1426 819 1718 892 labores
1758 827 1844 891 ‘et
1895 820 2349 892 difficultates
2398 840 2563 913 per·

554 920 821 1009 tulerit,
873 920 1131 1016 quibus
1159 921 1500 1016 periculis
1526 939 1722 992 suam
1752 934 1825 992 et
1854 919 2230 993 multorum
2264 920 2562 1001 aliorum

554 1020 840 1092 sortium
927 1044 1012 1093 ac
1090 1021 1423 1093 nobilium
1510 1025 1822 1093 virorum
1896 1024 2105 1092 vitam
2191 1021 2561 1114 objecerit.

552 1121 762 1193 Nunc
811 1142 1024 1209 vero,
1077 1124 1268 1216 quod
1321 1122 1512 1192 haud
1566 1122 1781 1192 dubie
1834 1143 1965 1215 pro
2017 1132 2219 1194 certo
2272 1141 2561 1215 compe-

552 1225 772 1307 ristis,
819 1221 1030 1292 Deus
1056 1221 1294 1294 multis
1327 1243 1488 1292 eum
1540 1221 1897 1341 periculis
1933 1221 2281 1295 liberavit.
2364 1220 2566 1312 Qua-

552 1320 872 1392 mobrem
950 1325 1130 1393 ratio
1211 1324 1506 1409 svadet‚
1587 1332 1666 1394 ut
1741 1326 1902 1415 regi
1986 1322 2560 1396 benevolentiam
2637 1389 2650 1400 .

552 1425 954 1516 praestetis,
1026 1426 1163 1493 etsi
1233 1427 1299 1494 ei
1352 1434 1561 1494 antea
1612 1424 1967 1495 adversati
2018 1427 2206 1512 sitis;
2275 1446 2433 1494 nam
2484 1425 2559 1492 in

553 1543 841 1610 omnes,
907 1526 1027 1617 qui
1093 1527 1162 1594 ei
1229 1527 1387 1595 sine
1454 1524 1907 1598 simulatione
1960 1524 2260 1612 obedire
2312 1523 2557 1610 velint,

551 1622 975 1694 clementem
1028 1645 1114 1695 se
1166 1624 1535 1718 praebebit.
1639 1624 2144 1711 Considerate,
2209 1629 2354 1697 utri
2385 1636 2559 1695 ‘me-

549 1722 694 1796 lius
744 1723 1040 1811 faciant,
1110 1728 1231 1818 qui
1300 1729 1456 1817 ejus
1521 1724 1658 1797 sibi
1725 1727 2090 1797 amicitiam
2145 1725 2555 1812 conciliare,
2603 1757 2610 1762 ·

549 1845 640 1895 an
719 1827 840 1917 qui
923 1827 1094 1916 ejus*
1145 1824 1493 1918 voluntati
1560 1828 1908 1896 resistere
1975 1829 2283 1918 cupiunt.
2396 1826 2556 1897 Vos

549 1923 798 2016 igitur,
860 1924 1053 2017 quod
1104 1924 1315 1996 Deus
1364 1946 1505 1996 vos
1560 1927 1848 2011 doceat,
1899 1924 2214 2013 {aciatiS,
2279 1935 2353 1997 et
2401 1947 2554 2000 rem

548 2033 860 2095 vestram
930 2024 1021 2093 ad
1087 2023 1342 2095 honam
1411 2026 1690 2117 frugem
1746 2028 2122 2098 revocate!
2223 2026 2377 2097 Hac
2428 2026 2553 2097 ha-

545 2123 690 2195 bita
765 2127 1126 2211 oratione,
1193 2146 1328 2196 rex
1394 2128 1555 2218 ipse
1625 2129 1975 2214 surrexit,
2054 2139 2401 2222 cumque
2434 2128 2555 2199 diu

548 2226 1205 2319 circumspexisset,
1255 2226 1732 2320 postulongum
1765 2226 2123 2302 silentium
2160 2231 2555 2302 orationem

524 2326 738 2397 hunc
803 2328 879 2396 in
952 2327 1236 2398 modum
1307 2348 1525 2399 orsus
1590 2337 1738 2399 est:
1818 2349 1861 2398 a
1928 2328 2213 2414 verbiS,
2294 2328 2554 2423 quibus

546 2427 1139 2523 psalmographus
1218 2450 1397 2499 usus
1478 2439 1631 2515 est,
1667 2473 1671 2482 ·
1707 2428 2098 2502 ordiemur:
2180 2430 2552 2505 Miserere
2605 2427 2623 2438 ‘

545 2531 726 2615 mei,
776 2528 1021 2615 DeuS‚
1074 2532 1396 2626 quoniam
1451 2528 1898 2600 conculcavit
1946 2552 2060 2600 me
2113 2528 2351 2616 homo,
2403 2539 2552 2605 tota

549 2628 664 2698 die
720 2648 1134 2721 expugnans
1208 2627 1569 2702 tribulavit
1618 2650 1751 2699 me.
1856 2627 2071 2700 Ouod
2126 2633 2550 2719 vaticinium,

544 2726 784 2797 multis
833 2737 1031 2799 retro
1083 2727 1354 2799 seculis
1408 2730 1839 2822 praedictum,
1892 2733 2161 2827 nostris
2213 2734 2552 2825 tempori-

541 2826 681 2898 bus
732 2830 1060 2919 congruit
1126 2830 1198 2900 in
1249 2830 1591 2919 Magnum
1659 2815 2032 2922 cognatam
2087 2853 2361 2918 meum,
2428 2835 2550 2925 qui
2597 2869 2603 2873 ·

543 2950 734 3002 arma
788 2935 1036 2999 contra
1085 2951 1201 3000 me
1255 2928 1412 3000 tulit
1460 2932 1745 3040 vitaque
1783 2953 1896 3004 me
1938 2936 2218 3023 privare
2247 2932 2547 3021 studuit3

542 3030 678 3101 sed
728 3025 977 3111 DeuS‚
1045 3040 1125 3101 ut
1186 3030 1428 3118 antea,
1496 3029 1611 3100 ine
1688 3031 2012 3103 liberavit
2076 3036 2377 3127 ejusque
2429 3055 2546 3104 re·-

541 3152 754 3222 gnum
804 3127 973 3204 mihi
1024 3131 1394 3206 distribuit.
1468 3122 1685 3206 Nihil
1737 3135 1924 3206 omni
1974 3141 2297 3225 tempore
2338 3154 2552 3228 aeque

539 3232 866 3306 odiosum
932 3230 1066 3304 suit
1132 3243 1343 3328 atque
1397 3233 1774 3326 superbia,
1845 3255 2047 3333 quam
2102 3237 2545 3326 gravissimis

536 3335 765 3426 poenis
822 3333 1219 3404 vindicavit.
1298 3331 1651 3418 Primum,
1704 3356 1859 3406 cum
1914 3333 2245 3425 angelum
2296 3356 2543 3408 secum

539 3430 981 3504 aemulantem
1036 3432 1124 3506 ab
1177 3453 1262 3501 se
1315 3432 1732 3525 repelleret
1784 3436 1902 3531 qui
1951 3436 2047 3504 ita
2076 3437 2361 3527 punitus
2409 3446 2545 3523 est,

536 3539 615 3602 ut
689 3533 1048 3622 pessimus
1115 3530 1441 3612 diabolus
1496 3534 1854 3615 evaderet.
1957 3534 2244 3609 Deinde
2297 3544 2548 3610 auctor

536 3633 834 3723 generis
883 3634 1133 3721 nostri,
1182 3631 1548 3721 AdamuS,
1601 3654 1760 3704 cum
1808 3633 1956 3706 Dei
2006 3633 2362 3707 voluntati·
2403 3656 2546 3706 non

537 3730 1090 3829 obtemperaret,
1143 3737 1216 3805 in
1266 3731 1454 3804 huuc
1506 3735 1872 3822 mundum,
1924 3739 1995 3805 in
2046 3734 2228 3812 hanc
2282 3747 2546 3813 terram

538 3841 612 3902 et
663 3835 1081 3906 servitutem
1147 3856 1238 3905 ex
1288 3833 1638 3910 Paradiso
1694 3836 2044 3929 expulsus
2098 3846 2229 3911 est.
2334 3835 2546 3907 Cum-

534 3955 675 4030 que
727 3936 1021 4026 imperia
1074 3935 1358 4009 condita
1411 3945 1681 4023 essent,
1731 3935 2110 4013 Pharaone
2156 3937 2299 4025 Dei
2333 3937 2545 4030 leges

534 4046 608 4105 et
658 4034 996 4127 populum
1049 4035 1382 4122 violante‚
1439 4037 1693 4107 decem
1749 4038 2073 4130 prodigia
2124 4047 2384 4112 terram
2440 4042 2544 4108 in-

532 4156 816 4225 vasere,
868 4137 1482 4235 qualia-nunquam
1511 4147 1676 4237 post
1725 4136 2080 4214 hominum
2133 4142 2559 4217 memoriam⁴
