2950 4709
363 319 435 382 c.
471 317 613 382 179.
803 321 1169 371 ms'ronu
1224 319 1448 369 matus
1507 319 1944 368 svnmmms.
2198 292 2375 382 309

359 510 616 603 elapso
668 516 998 580 autumno
1051 510 1351 579 maxime
1403 503 1837 593 fremebant,
1891 504 2084 599 qnod
2138 504 2372 576 disce-

365 612 582 682 dendi
618 613 895 682 veniam
924 631 1065 680 non
1095 612 1609 703 impetrassent.
1660 606 2048 700 Ecquibus,
2103 626 2373 699 quaeso,

359 710 807 783 incolumitas
857 710 1322 781 concedenda
1376 718 1526 794 est,
1578 730 1666 778 an
1717 705 1942 776 nulli?
2044 705 2163 776 Ad
2213 707 2375 778 haec

359 810 772 905 complures
796 812 1357 904 responderunt:
1411 812 1458 878 ii
1511 808 1651 879 soli
1679 806 1888 878 nobis
1929 809 1997 876 in
2032 805 2164 877 bac
2191 828 2373 902 rupe

359 916 798 985 convenisse
850 913 1217 997 videntur,
1270 913 1390 1003 qui
1441 907 1737 1002 plurima
1789 906 2129 978 maleficia
2181 929 2374 979 com·

363 1014 715 1099 miserint3
768 1021 980 1106 atque
1034 1012 1411 1103 aegerrime
1463 1008 1816 1094 feremus,
1867 1006 2052 1078 fame
2103 1007 2373 1080 multis-

364 1135 506 1206 que
558 1111 921 1182 laboribus
974 1111 1225 1183 borum
1277 1132 1494 1186 causa
1542 1108 1891 1195 toleratiS,
1943 1118 2216 1202 patrum
2255 1118 2376 1180 aut

360 1213 649 1284 fratrum
719 1222 1125 1282 nostrorum
1198 1211 1703 1283 interfectores
1772 1212 1840 1280 in
1911 1212 2203 1301 gratiam
2255 1230 2373 1279 re-

362 1324 617 1406 ceptos
666 1334 851 1383 nunc
905 1334 949 1382 a
998 1312 1208 1383 nobis
1258 1309 1917 1382 seminterscalmiis
1986 1309 2373 1381 sociandos

365 1434 561 1484 esse.
642 1412 922 1503 Quibus
972 1432 1140 1481 rex:
1185 1412 1469 1495 videte,
1522 1409 1811 1495 militeS,
1863 1412 2023 1500 quis
2050 1419 2375 1482 vestrum

364 1523 503 1598 est,
558 1516 675 1605 qui
725 1520 960 1583 semet
1012 1513 1372 1582 existimet
1407 1532 1522 1581 me
1556 1509 2148 1580 excellentiorem
2178 1529 2374 1595 esse,

362 1615 647 1705 meique
697 1610 996 1682 similem
1052 1631 1224 1681 esse
1278 1612 1738 1702 dedignetur3
1794 1613 2097 1679 animum
2146 1617 2371 1679 atten-

365 1713 536 1797 dite,
585 1733 675 1782 au
723 1711 1029 1782 futurum
1082 1713 1198 1798 sit,
1249 1722 1326 1782 ut
1377 1714 1696 1806 cuiquam
1732 1710 2126 1801 objiciatur,
2178 1708 2375 1803 quod

360 1834 594 1884 meum
651 1812 991 1904 judicium
1043 1810 1178 1882 hac
1252 1811 1344 1881 de
1412 1833 1495 1882 re
1549 1819 1848 1882 secutus
1901 1811 2136 1882 suerit.
2237 1807 2376 1880 Hic

361 1911 772 2004 Tunsbergi
837 1909 1047 2003 Bagli
1099 1910 1385 1982 Hidium
1448 1912 1739 1982 fratrem
1790 1932 2025 1982 meum
2076 1908 2372 1980 interse-

361 2023 651 2099 cerunt,
722 2010 976 2083 Osloae
1025 2011 1432 2105 Philippum
1505 2012 1910 2104 dynastam,
1993 2019 2374 2103 cognatum

358 2135 630 2199 meum,
694 2112 1099 2206 multosque
1166 2111 1370 2184 alios,
1472 2111 1628 2183 Hac
1691 2111 1970 2199 bieme,
2037 2111 2109 2181 id
2178 2109 2373 2206 quod

358 2235 497 2285 vos
548 2213 839 2283 audisse
893 2217 1185 2305 opinor,
1247 2210 1681 2283 Sverrerem
1734 2210 2141 2298 caniculam,
2192 2209 2372 2281 mul-

360 2315 597 2405 tisque
649 2311 810 2381 aliis
860 2313 1354 2402 ignominiosis
1402 2309 1803 2382 nominibus
1854 2309 2372 2403 appellitarunt.

363 2411 548 2502 Quae
602 2415 831 2482 omnia
886 2415 994 2481 eis
1020 2410 1167 2480 Dei
1219 2432 1438 2481 causa
1491 2413 1878 2503 ignoscere
1929 2408 2123 2497 volo,
2178 2419 2252 2480 et
2299 2413 2374 2481 in

358 2515 592 2584 vicem
662 2511 749 2581 ab
823 2533 913 2582 eo
991 2513 1469 2603 impunitatem
1536 2520 2029 2603 peccatorum,
2113 2509 2372 2603 quibus

361 2634 525 2684 eum
600 2612 901 2696 offendi,
984 2620 1457 2704 exspectare3
1536 2631 1776 2704 neque
1843 2610 2051 2683 vobis
2114 2613 2370 2696 minuS,

355 2735 563 2806 quam
620 2712 809 2797 mibi,
860 2713 1105 2782 animis
1158 2724 1274 2783 est
1300 2710 1840 2798 consulendum,
1891 2732 2190 2805 quorum
2241 2731 2369 2781 vo-

357 2811 470 2883 bis
521 2811 849 2883 habenda
899 2815 1078 2883 ratio
1136 2821 1284 2900 est3
1337 2832 1574 2905 neque
1624 2832 1764 2884 vos
1796 2815 2160 2905 quisquam
2185 2808 2371 2881 hanc

359 2912 453 2983 ob
521 2934 807 2985 causam
883 2916 1185 3007 ignavos
1268 2910 1668 3006 appellabit.
1799 2909 1979 2983 Tum
2049 2913 2370 2983 universi

354 3033 510 3082 rem
561 3013 851 3084 arbitrio
924 3015 1123 3104 regis
1192 3016 1688 3104 permiserunt.
1788 3010 2037 3105 Itaque
2089 3033 2227 3082 rex
2276 3010 2367 3085 ad

353 3111 740 3182 Reidarem
799 3114 1007 3196 misit,
1059 3120 1139 3181 ut
1192 3132 1443 3181 omues
1494 3109 1976 3183 incolumitate
2018 3112 2367 3181 donaren-

355 3220 490 3282 tur.
593 3209 940 3304 Sequenti
993 3231 1237 3296 mane,
1287 3220 1612 3303 tempore
1657 3208 2032 3302 jentaculi,
2094 3209 2369 3282 Reidar

357 3333 513 3383 cum
569 3312 891 3382 omnibus
954 3313 1109 3381 suis
1167 3311 1258 3381 de
1310 3332 1491 3403 rupe
1546 3311 1960 3396 descendit,
2029 3331 2213 3404 quos
2275 3310 2367 3381 ad

351 3433 441 3483 se
508 3413 902 3505 productos
969 3432 1105 3482 rex
1171 3409 1487 3482 Sverrer
1551 3413 1935 3482 universos
2003 3413 2071 3480 in
2141 3409 2366 3486 verba

355 3533 488 3583 sua
553 3513 816 3604 adegit.
948 3511 1142 3582 Dein
1229 3533 1361 3585 eos
1431 3533 1565 3605 per
1628 3511 1972 3583 cobortes
2041 3510 2366 3585 distribui

342 3615 583 3705 jussit,
634 3616 795 3706 ipse
845 3611 1230 3684 Reidarem
1283 3616 1352 3681 in
1403 3634 1604 3683 suam
1653 3613 2034 3699 adsumsit3
2089 3633 2362 3705 praeee-

350 3715 474 3807 pit,
527 3723 606 3784 ut
657 3735 909 3805 magna
959 3734 1131 3783 cura
1181 3717 1251 3786 in
1302 3717 1392 3783 iis
1426 3712 1842 3784 recreandis
1869 3712 2362 3800 adhiberetur3

352 3815 536 3908 quod
599 3824 672 3884 et
719 3813 972 3884 sactum
1039 3822 1174 3884 est.
1274 3812 1485 3906 Ipsos
1556 3833 1841 3907 quoque
1912 3814 2219 3899 monuit,
2288 3820 2366 3883 ut

347 3914 581 3985 cibum
634 3936 721 3985 ac
772 3924 1011 4007 potum
1061 3923 1269 3985 caute
1321 3922 1712 3999 sumerent,
1771 3912 2028 4008 quibus
2078 3913 2364 3983 monitis

348 4018 579 4087 minus
633 4014 1017 4108 diligenter
1046 4013 1609 4108 obtemperatum
1649 4023 1778 4084 est.
1858 4011 2072 4084 Adeo
2125 4025 2363 4088 autem

352 4125 553 4189 erant
600 4118 811 4189 morti
864 4116 1110 4203 vicini,
1160 4124 1241 4189 ut
1291 4135 1544 4187 omnes
1594 4111 1845 4186 morbo
1896 4121 2363 4200 tentarentur,
