2950 4709
357 342 678 409 c,49.5o,
796 331 1161 394 msa-onia
1217 317 1448 396 nnsis*
1498 347 1932 400 svnnnmus.
2252 326 2401 423 873

360 525 665 600 laetatus
780 526 876 600 Et
933 525 1152 621 vulgo
1222 532 1694 602 existimatum
1765 541 1915 618 est,
1997 551 2232 628 neque
2290 531 2368 604 id

357 632 745 716 immerito,
793 651 1144 723 nunquam
1195 632 1526 722 potuisse
1579 639 1806 703 tantas
1855 634 2103 727 copias
2155 653 2365 705 cona-

358 728 549 799 tibus
601 733 877 822 turpius
929 729 1293 800 excidere.

475 828 930 923 ,Compositio
981 827 1398 902 colonorum
1449 835 1613 901 cum
1661 852 1839 926 φερε
1890 827 2266 903 Svmm'e.

558 928 679 1000 50.
760 928 971 1000 Haud
1020 932 1115 1000 ita
1163 929 1385 1001 multo
1439 939 1605 1024 post
1661 951 1796 1001 rex
1843 928 2156 1002 Sverrer
2209 953 2367 1002 eum

355 1026 603 1099 classe
667 1029 1017 1101 celocium
1089 1030 1460 1100 meridiem
1527 1051 1789 1102 versus
1837 1030 2232 1102 secundum
2284 1028 2365 1120 lif

356 1136 517 1197 tora
567 1128 975 1221 profectus,
1046 1128 1535 1221 Hardangrum
1601 1133 1881 1201 intravit
1928 1129 2367 1224 plurimaque

354 1224 650 1302 Hordiae
701 1227 866 1300 loca
915 1225 1171 1299 obiens
1190 1281 1211 1315 ,
1274 1228 1532 1301 multas
1594 1230 1687 1302 ob
1737 1228 2067 1302 violatam
2118 1251 2369 1324 pacem

357 1335 434 1398 et
484 1328 838 1421 stipendia
886 1327 976 1397 ab
1029 1326 1285 1400 ineolis
1340 1334 1623 1421 exegit,
1691 1330 1885 1423 quod
1954 1329 2366 1424 cumplures

357 1447 456 1499 ex
539 1426 808 1500 Hordis
888 1428 1298 1500 meridianis
1379 1432 1731 1500 exercitui
1797 1428 2214 1501 colonorum
2279 1450 2367 1500 se

353 1528 900 1620 adjunxerant.
937 1526 1224 1599 Vorsos
1288 1548 1577 1624 quoque
1648 1536 1721 1599 et
1768 1527 2059 1601 Hordos
2109 1527 2365 1600 borea-

355 1623 471 1699 les
535 1628 627 1698 ad
691 1648 779 1699 se
846 1630 1099 1699 venire
1142 1630 1400 1718 Jussit,
1468 1648 1767 1721 quorum
1837 1628 2246 1721 complures
2295 1631 2368 1700 in

352 1730 647 1822 gratiam
701 1748 857 1799 cum
910 1748 1003 1800 eo
1054 1729 1463 1812 redierunt,
1532 1726 1728 1797 multi
1780 1728 2150 1799 meridiem
2200 1749 2365 1800 ver-

349 1847 485 1900 sus
536 1829 609 1897 in
655 1825 908 1899 Vikam
957 1826 1051 1898 ad
1100 1849 1352 1920 regem
1401 1827 1785 1918 Magnum,
1845 1831 1909 1898 si
1963 1850 2125 1899 eum
2176 1828 2366 1898 forte

352 1930 746 1999 convenire
814 1937 1154 2021 possent,
1219 1925 1483 2022 prgofu
1487 1935 1709 1996 erunt.
1812 1927 1982 2000 Rex
2046 1929 2364 2021 Magnus

351 2023 536 2098 hanc
585 2026 890 2098 hiemem
941 2029 1013 2097 in
1043 2025 1275 2098 Dania
1323 2028 1547 2121 apud
1540 2048 1813 2117 regem
1846 2027 2364 2114 Valdamarem,

350 2137 732 2222 cognatum
814 2149 1058 2213 suum,
1159 2126 1554 2198 liberaliter
1629 2124 1911 2200 babitus
1996 2130 2361 2221 transegit,

346 2224 547 2298 Idem
597 2228 924 2299 omnibus
949 2226 1157 2297 Vikae
1188 2227 1640 2320 praefecturis
1684 2250 1862 2300 suos
1914 2229 2361 2321 praefecerat,

345 2327 662 2422 indeque
743 2326 1003 2399 tributa
1079 2348 1164 2398 ac
1227 2327 1608 2400 mercedes
1675 2328 1979 2421 redegit.
2092 2326 2360 2400 Ormus

345 2429 551 2521 regis
612 2423 837 2500 frater
917 2427 1292 2520 plurimum
1357 2431 1429 2497 in
1501 2426 1689 2497 Vika
1770 2428 2360 2512 commorabatur,

344 2527 811 2621 nonnullique
865 2526 985 2599 alii
1039 2526 1398 2620 praefecti3
1456 2526 1734 2621 quidam
1785 2531 1857 2597 in
1887 2526 2119 2598 Dania
2169 2525 2358 2620 apud

342 2648 594 2721 regem
648 2629 990 2720 Magnum
1039 2626 1554 2712 versabantur,
1624 2630 1745 2721 qui
1809 2648 2058 2698 omues
2107 2648 2359 2719 magna

342 2727 702 2800 bominum
768 2729 1169 2822 frequentia
1254 2736 1455 2798 erant
1518 2729 1771 2820 stipati.
1894 2726 2356 2798 Procedente

343 2827 567 2921 longo
608 2831 962 2923 jeJnnio‚„
998 2825 1265 2900 Ormus
1332 2830 1552 2920 regis'
1594 2827 1817 2899 frater
1883 2831 2128 2922 copias
2179 2850 2357 2899 suas

340 2929 709 3004 meridiem
759 2949 1023 3002 versus
1074 2927 1351 3001 obviam
1405 2931 1566 3021 regi
1617 2929 1891 3020 Magno
1946 2930 2159 3000 duxit.
2242 2927 2355 2997 ln-

344 3033 555 3104 terim
600 3051 736 3101 rex
769 3027 1082 3100 Sverrer
1120 3027 1408 3122 BergiS,
1464 3029 1697 3099 donec
1746 3027 2006 3100 festum
2056 3026 2357 3122 pascha-

344 3132 441 3201 tis
505 3132 846 3214 exiisset,
924 3139 1441 3214 commoratuS,
1526 3130 1665 3199 iter
1741 3128 1906 3198 inde
1974 3131 2355 3222 apparavit,

340 3249 639 3321 magnas
704 3239 1132 3323 ornatasque
1200 3231 1484 3320 copiaS,
1577 3248 1804 3298 naves
1883 3228 2214 3319 ingentes
2283 3237 2358 3298 et

338 3328 700 3423 frequenti
772 3328 996 3400 milite
1077 3332 1457 3399 instructas
1539 3326 1834 3398 habens.
1950 3325 2014 3398 Τ
2018 3337 2155 3398 unc
2218 3347 2358 3397 rex

317 3428 660 3516 ‘Sverrer
722 3451 963 3502 coram
1025 3432 1180 3500 suis
1239 3430 1340 3498 ita
1406 3428 1612 3499 dixit:
1691 3449 1877 3499 nunc
1945 3426 2356 3501 fidelitatem

342 3530 649 3600 omnium
708 3532 910 3623 regis
960 3529 1212 3621 Magni
1274 3528 1774 3622 praefectorum
1795 3580 1816 3615 ,
1884 3538 2355 3623 praeterquam

336 3626 622 3702 Nicolai
688 3629 1069 3723 Kuvungi‚
1134 3632 1208 3701 in
1276 3625 1537 3701 loculis
1605 3631 1784 3701 meis
1851 3626 2124 3716 babeo;
2192 3651 2352 3722 quae

338 3728 564 3801 verba
616 3750 709 3803 eo
738 3728 1182 3823 spectabant,
1234 3731 1426 3825 quod
1468 3750 1720 3800 omnes
1753 3728 2075 3823 praefecti
2101 3727 2354 3820 Magni

335 3833 542 3923 regis
592 3826 841 3903 literas
893 3830 1075 3901 clam
1107 3830 1197 3920 ad
1229 3851 1480 3922 regem
1515 3828 1943 3901 Svelrerem
1991 3831 2352 3920 miserant,

334 3930 407 4000 in
475 3928 733 4024 quibus
792 3951 1042 4028 pacem
1112 3939 1186 4001 et
1246 3933 1594 4022 integram
1664 3931 2029 4002 amicitiam
2098 3926 2184 4001 ab
2260 3949 2350 3998 eo

335 4030 865 4124 exposcebant3
951 4051 1127 4125 quas
1208 4028 1455 4103 literas
1536 4052 1670 4104 rex
1739 4035 1811 4103 in
1877 4029 2136 4102 loculis
2198 4031 2350 4100 suis

331 4133 663 4204 servavit.
