2950 4709
301 394 394 469 sc.
436 375 578 460 13⁵.
756 392 1120 444 urs-roma
1173 390 1397 462 anem
1452 387 1889 441 &munnam
2107 387 2112 392 .
2150 363 2328 452 m
2365 396 2373 404 .

320 581 567 652 facere
635 599 778 650 non
844 576 1170 650 audeant.
1295 574 1505 648 Bono
1571 578 1730 648 sitis
1790 579 2059 663 anim03
2139 596 2327 649 nunc

321 680 643 752 Sverrer
720 681 1064 772 praesenti
1130 676 1278 749 fato
1347 677 1814 770 impedietur,
1894 679 1988 755 sis
2026 675 2327 749 navibus

322 784 656 873 impetum
710 778 966 865 faciet3
1037 777 1193 848 fieri
1245 786 1522 870 potest,
1585 788 1665 847 ut
1723 779 1794 845 in
1847 777 2326 870 oppugnando

323 879 678 964 ostendat,
731 878 920 972 quod
977 879 1041 948 ei
1074 880 1146 947 in
1179 873 1635 968 Semsljordo
1663 873 1939 946 accidit.
2021 876 2325 967 Episco-

322 1001 459 1073 pus
509 1001 668 1050 cum
719 978 990 1072 aliquot
1041 975 1331 1047 clericis
1370 996 1559 1070 equo
1594 976 1916 1046 insidens
1968 979 2038 1045 in
2092 974 2328 1067 platea

324 1100 552 1172 prope
587 1080 788 1150 aedes
822 1099 994 1149 suas
1027 1075 1474 1162 versabatur,
1527 1097 1669 1168 quo
1704 1084 2055 1168 tempore,
2105 1083 2325 1148 utrin-

327 1200 469 1273 que
549 1178 861 1250 clamore
926 1169 1269 1263 subla'to,
1346 1177 1777 1268 oppugnatio
1856 1174 2014 1246 fieri
2095 1186 2329 1270 coepta

325 1288 457 1349 est.
573 1278 741 1350 Rex
803 1276 1117 1349 Sverrer
1195 1296 1418 1349 naves
1485 1285 1675 1346 tanta
1738 1277 1811 1346 vi
1879 1269 2186 1369 appulit,
2248 1285 2329 1347 ut

323 1378 629 1471 objectae
684 1380 1032 1449 onerariae
1062 1376 1579 1468 frangerentur.
1683 1373 1859 1445 Cum
1907 1396 2084 1447 vero
2112 1375 2326 1469 Bagli

322 1477 592 1572 aliquot
642 1498 866 1548 naves
915 1485 1078 1546 ante
1129 1485 1389 1568 pontes
1437 1473 2041 1560 submersissent,
2089 1475 2326 1545 Birki-

322 1574 949 1669 beinisappulsus
999 1573 1187 1644 haud
1255 1573 1629 1643 commode
1697 1577 2096 1661 successit,
2160 1597 2328 1645 mox

325 1678 607 1767 sagittis
659 1685 734 1746 et
782 1672 1174 1744 missilibus
1211 1675 1543 1765 utrinque
1574 1675 1943 1763 conjectiS,
1993 1695 2127 1766 per
2151 1695 2325 1745 one-

324 1779 550 1846 rarias
604 1774 1118 1845 transcendere
1172 1781 1557 1864 coeperunt.
1657 1770 1981 1865 Bengeir
2027 1771 2329 1865 Longus

327 1886 400 1947 et
448 1874 808 1946 Botulvus
860 1870 1181 1945 Hafurisl
1238 1871 1426 1943 filius
1476 1874 1680 1964 primi
1730 1875 1801 1941 in
1853 1882 2112 1965 pontes
2160 1894 2326 1946 eva·

323 1986 606 2063 serunt3
659 1974 794 2045 sed
848 1972 1207 2066 extemplo
1250 1975 1363 2044 vir
1389 1973 1668 2065 quidam
1699 1971 1980 2065 Anglus
2007 1971 2327 2067 Bengei-

323 2095 474 2146 rem
527 2074 768 2170 gladio
821 2076 1150 2167 appetiit,
1217 2093 1493 2164 negans
1556 2094 1690 2144 eos
1740 2071 1913 2144 illuc
1980 2095 2327 2147 escensu-

322 2196 466 2247 ros.
601 2174 701 2246 At
780 2172 1161 2265 Bengeir,
1221 2172 1437 2264 gladii
1518 2171 1904 2267 clypeique
1984 2176 2329 2246 tractandi

323 2278 834 2369 peritissimus,
890 2273 1166 2345 vibrato.
1219 2271 1458 2362 gladio
1515 2271 1826 2363 Anglum
1870 2274 2123 2344 subter
2174 2274 2327 2367 cly-

326 2395 464 2466 peo
535 2376 937 2478 percussit,
1023 2374 1142 2464 qui
1208 2374 1393 2441 ictus
1441 2371 1621 2441 infra
1683 2393 1931 2442 nasum
2000 2375 2328 2459 inflictus,

321 2472 626 2544 maxillis
678 2464 1092 2565 perfractis,
1152 2479 1422 2564 partem
1491 2479 1813 2541 attactam
1877 2474 2160 2563 penitus
2205 2472 2328 2543 ab·

320 2574 552 2645 scidit.
654 2570 819 2662 Quo
871 2571 1059 2641 facto
1107 2569 1516 2662 complures
1539 2567 1984 2642 Birkibeini
1964 2594 2036 2641 ιιι
2071 2582 2330 2664 pontes

326 2676 611 2765 egressi
656 2681 844 2757 sunt,
895 2668 1144 2763 Baglis
1187 2679 1484 2741 strenue
1514 2670 2040 2757 resistentibus,
2092 2691 2329 2765 eoque

324 2772 492 2844 loco
558 2794 682 2844 res
745 2771 983 2843 subito
1050 2773 1315 2864 impetu
1366 2770 1770 2861 gerebatur.
1885 2770 2021 2843 Hic
2070 2770 2331 2865 aliquis

324 2872 614 2943 militum
668 2874 1048 2966 episcopo:
1093 2875 1238 2964 jam
1290 2869 1630 2941 celeriter
1682 2871 2133 2963 provehitor,
2201 2894 2330 2942 no·

325 2975 456 3047 stri
531 2977 713 3043 enim
784 2971 1276 3044 cohortatione
1344 2981 1463 3041 tua
1552 2982 1804 3062 egent3
1892 2992 2077 3043 nunc
2147 2975 2331 3042 enim

327 3073 541 3167 gladii
604 3071 1180 3143 Birkibeinorum
1250 3073 1422 3141 satis
1492 3074 1679 3140 acuti
1744 3071 1950 3142 nobis
2002 3092 2176 3142 esse
2226 3075 2331 3141 vi-

329 3176 602 3244 dentur.
713 3169 894 3240 Tum
961 3172 1382 3262 episcopus:
1439 3172 1582 3259 jam
1653 3170 2075 3254 av'ehamur‚
2144 3191 2332 3241 nunc
2461 3213 2470 3220 „

328 3275 509 3343 enim
567 3270 895 3342 diabolus
946 3266 1303 3361 (vinculis)
1335 3265 1715 3338 exsolutus
1748 3278 1878 3338 est.
1941 3267 2072 3339 His
2102 3268 2333 3355 dictiS,

191 3405 196 3410 ·
327 3376 558 3443 citatis
610 3374 816 3466 equis
871 3390 962 3439 ex
995 3368 1257 3462 oppido
1297 3366 1825 3460 profugientes,
1878 3389 2159 3439 cursum
2192 3389 2333 3440 non

327 3475 525 3565 prius
574 3475 944 3555 stiterunt,
1019 3489 1222 3563 quam
1274 3470 1344 3537 in
1398 3467 1884 3559 Gjollurasum
1937 3472 2334 3555 venissent,

330 3591 595 3689 eoque
619 3568 782 3640 loco
838 3571 1083 3660 copias
1130 3568 1663 3674 exspectabant.
1763 3569 2172 3661 Gregorius
2199 3567 2331 3639 Jo-

329 3668 441 3741 nis
493 3692 580 3740 ac
630 3672 744 3740 sui
796 3669 884 3738 ad
937 3659 1173 3760 Eyras
1202 3690 1451 3762 prope
1498 3673 1754 3740 ostium
1787 3673 2011 3739 amnis
2039 3668 2330 3762 appule-

328 3780 567 3856 runt,
558 3790 728 3862 quo
780 3767 944 3838 loco
998 3766 1248 3839 brevia
1298 3778 1465 3838 ante
1518 3766 1689 3839 litus
1741 3789 1826 3839 se
1881 3768 2026 3839 late
2080 3779 2329 3839 exten-

331 3871 630 3955 debant,
699 3867 821 3939 ubi
888 3886 1068 3938 vero
1129 3887 1354 3938 naves
1404 3870 1475 3936 in
1527 3865 1729 3939 vadis
1792 3867 2195 3953 haerebant,
2259 3869 2329 3936 in

329 3987 525 4043 mare
580 3968 1027 4052 desilierunt,
1083 3975 1157 4036 et
1197 3967 1285 4037 ad
1318 3976 1576 4037 terram
1606 3969 1969 4053 vadarunt,
2024 3968 2332 4060 deinque

331 4072 402 4142 in
457 4070 626 4142 litus
679 4069 963 4162 egressi
1028 4076 1208 4137 sunt.
1327 4065 1612 4138 Cohors
1676 4066 2107 4159 Baglorum‘,
2174 4087 2335 4159 quae

408 4200 456 4272 ¹)
496 4202 709 4269 Astu-ia,
747 4198 819 4264 ἲς
874 4197 1116 4266 Anfurio,
1164 4197 1212 4249 A
1225 4215 1246 4262 ,·
1285 4196 1454 4251 omitt.
1498 4196 1565 4251 G·
