2950 4709
316 356 392 444 α’
424 376 567 446 143,
765 379 1149 431 nmmum
1182 377 1408 430 annm
1456 315 1903 430 nvnnnmus.
2147 330 2336 440 m

411 633 415 637 .
788 563 1149 638 Praelimn
1197 564 1305 638 ad
1356 559 1800 661 stersbjutry
1799 586 1867 638 a.

338 725 347 734 .
521 661 690 735 143
780 664 954 737 Rex
1020 664 1371 753 Sverrer,
1448 663 1818 737 celocibus
1887 671 1963 736 et
2021 623 2328 754 nnvlglis

314 762 713 837 levmrilms
774 763 1043 857 Bergis
1102 769 1570 858 comparatiS,
1639 786 1891 857 magna
1952 761 2330 835 celeritate

315 887 606 938 cursum
658 866 1044 951 contendit,
1093 863 1371 958 Baglos
1423 883 1521 936 ex
1557 867 1938 958 inopinato,
1987 871 2071 933 nt
2117 871 2330 933 antea

314 986 609 1058 semper
673 964 991 1050 fecerat,
1062 986 1567 1058 oppressurus,
1697 963 1938 1036 Cursu
2019 960 2332 1033 feliciter

194 1103 205 1112 x
314 1064 649 1136 confecto
669 1115 690 1149 ,
757 1065 1223 1157 Agdanesnm
1275 1074 1796 1158 praetervectus
1815 1115 1837 1150 ,
1906 1082 2162 1135 navem
2234 1077 2330 1131 ex

316 1162 560 1235 classe
624 1162 971 1258 Bagliana
1037 1163 1110 1234 in
1177 1174 1428 1257 portu,
1495 1167 1617 1260 qui
1685 1162 1984 1235 Salvias
2050 1162 2329 1245 dicitur,

318 1262 652 1352 o÷ffendit3
724 1286 937 1359 quam
1019 1265 1443 1337 invadentes
1524 1263 1922 1336 Birkibeini
1991 1280 2329 1354 »magnam

316 1374 922 1457 propugnatorum
973 1369 1243 1458 partem
1295 1363 1831 1450 interfecerunt,
1881 1360 2205 1456 reliquos
2255 1362 2330 1430 in

316 1471 582 1534 terram
637 1467 1027 1557 ejecerunt.
1127 1462 1606 1534 Hombcrium
1662 1463 2154 1555 praetervecti,
2203 1462 2330 1531 uni

315 1559 710 1653 Bag-lorum
755 1561 989 1634 celoci
1040 1572 1536 1649 occurrerunt,
1587 1565 1708 1656 qui
1739 1563 1901 1632 navi
1953 1560 2172 1631 littori
2204 1580 2328 1651 ap-

316 1660 551 1755 pulsa,
601 1671 803 1756 parte
852 1661 1148 1733 suorum
1198 1661 1572 1733 interfecta
1621 1665 1694 1731 in
1751 1669 2014 1732 terram
2066 1678 2328 1730 excur-

319 1771 586 1834 rerunt.
689 1761 882 1832 Dein
911 1760 1307 1832 Birkibeini
1356 1763 1834 1834 trans-sinum
1881 1760 1975 1833 ad
2023 1753 2330 1829 Reinnm

318 1864 784 1953 remigarunt3
851 1860 971 1933 hic
1029 1854 1306 1953 Baglos
1373 1882 1533 1934 cnm
1599 1863 1769 1933 navi
1827 1861 2078 1953 viginti
2141 1869 2327 1930 tran-

317 1969 628 2033 strorum
674 1962 1147 2048 offenderunt,
1198 1981 1496 2055 quornm
1547 1961 1844 2056 plurima
1876 1968 2080 2053 parte
2108 1961 2328 2028 inter·

318 2060 531 2149 fecta,
582 2060 905 2156 reliquos
948 2064 1022 2131 in
1073 2072 1333 2132 terram
1382 2066 1596 2133 exire
1648 2068 2065 2153 coegerunt.
2163 2055 2328 2127 Bir-

300 2159 587 2233 ‘kiheini
650 2182 931 2234 omnem
997 2162 1308 2256 praedam
1361 2171 1745 2256 ceperunt,
1815 2168 1890 2233 et
1958 2167 2163 2230 crant
2212 2157 2331 2250 qui

180 2325 183 2330 ⁴
320 2264 531 2331 etiam
581 2282 835 2334 navem
889 2282 1139 2333 secum
1190 2261 1553 2332 abducere
1605 2261 1913 2347 vellent3
1983 2279 2147 2352 qnae
2207 2275 2330 2328 re-

318 2363 454 2432 mis
520 2370 676 2431 acta
742 2382 902 2430 cum
968 2355 1349 2453 adaequare
1412 2381 1700 2431 cursum
1767 2357 2120 2430 celecinm
2185 2376 2330 2426 non

317 2480 542 2553 posse
607 2461 769 2550 regi
830 2457 1244 2546 videretur,
1316 2477 1468 2529 eam
1538 2459 1997 2553 reliquerunt.
2113 2453 2329 2547 Bagli

318 2579 538 2644 vere,
601 2560 1130 2651 adremigantes
1178 2556 1640 2629 Birkiheinos
1683 2558 2118 2651 conspicati,
2169 2564 2328 2627 ten-

317 2661 520 2731 toriis
571 2657 942 2731 navalibus
982 2658 1340 2752 ·‹lereptiS,
1391 2678 1659 2745 naves,
1701 2678 1997 2754 quarum
2048 2664 2329 2748 septem

186 2755 191 2762 ’
320 2778 716 2853 omnesque
781 2777 1072 2850 magnas
1135 2757 1528 2846 habebant,
1609 2759 1776 2831 loco
1842 2753 2334 2849 Thorsbjarga

176 2893 185 2906 ι
320 2857 512 2930 dicto
595 2861 1008 2951 conjunctas
1086 2861 1275 2932 inter
1359 2880 1445 2932 se
1511 2860 1952 2953 copularunt.
2088 2855 2328 2929 Vento

316 2957 649 3052 aquilone
706 2979 800 3029 ex
849 2962 1169 3032 interiori
1220 2964 1382 3031 sinu
1433 2958 1744 3031 alacrius
1792 2961 2156 3053 spirante,
2203 2976 2329 3027 na·

317 3079 458 3130 ves
520 3056 913 3151 Baglorum
998 3059 1348 3131 stantibus
1431 3059 1639 3131 malis
1713 3059 2042 3131 secundo
2108 3065 2328 3128 vento

317 3157 752 3231 ferebantur.
852 3157 1017 3230 Rex
1066 3167 1303 3234 autem
1352 3157 1692 3245 Sverrer,
1752 3179 1911 3229 cum
1963 3179 2110 3250 quo
2161 3155 2332 3243 lece

316 3255 531 3350 Bagli
582 3265 834 3331 essent
885 3259 1466 3350 censpicaretur,
1520 3257 1900 3329 classicum
1951 3257 2149 3341 cani,
2197 3273 2327 3325 ve-

314 3356 562 3431 xillum
630 3359 814 3449 erigi
879 3367 954 3429 et
1002 3359 1340 3429 committi
1390 3356 1712 3452 praelium
1755 3359 1989 3451 jussit.
2087 3353 2325 3427 Birki-

316 3455 513 3531 beini
577 3457 883 3530 classem
953 3461 1174 3529 remis
1239 3462 1308 3528 in
1375 3461 1600 3529 aciem
1663 3456 2169 3552 propulerunt,
2249 3462 2328 3526 et

316 3559 602 3651 utrique
667 3556 1096 3651 aliquamdiu
1177 3556 1323 3630 tela
1400 3561 1589 3629 inter
1668 3578 1755 3630 se
1822 3560 2322 3650 conjecerunt3

313 3654 748 3730 Birkibeinis
798 3679 978 3729 vero
1032 3658 1339 3731 classem
1390 3657 1784 3750 Baglerum
1835 3660 2133 3749 remigio
2185 3657 2323 3727 cir·-

315 3757 711 3828 cumvectis
761 3766 863 3830 ‘et
920 3779 965 3829 a
1031 3759 1226 3829 venti
1288 3757 1502 3851 plaga
1552 3760 1993 3844 constitutis,
2060 3759 2218 3828 sive
2283 3776 2329 3829 3

313 3854 632 3930 breviori
701 3858 858 3928 sive
928 3879 971 3927 a
1040 3856 1344 3949 longiori
1408 3857 1672 3930 liberet
1720 3860 1994 3952 spatio,
2060 3851 2325 3928 abesse

314 3954 530 4036 licuit.
631 3954 1024 4027 Birkibeini
1093 3978 1178 4027 se
1247 3955 1614 4029 altitudine
1683 3961 1963 4029 navium
2031 3954 2325 4027 multum

312 4058 637 4147 superari
667 4056 1093 4142 sentiebant,
1135 4077 1275 4128 nec
1300 4060 1459 4130 sine
1492 4078 1744 4129 causa:
1796 4079 1955 4129 nam
1984 4051 2321 4127 celocesl

385 4182 435 4253 ¹)
470 4204 638 4262 prore
672 4186 939 4256 cclccium,
978 4184 1048 4249 B,
1089 4183 1151 4241 F.
