2950 4709
332 378 405 446 c,
427 365 538 444 76,
781 377 1148 428 ms‘romn
1198 377 1425 427 neers
1480 374 1920 427 sanamus.
2187 351 2358 441 129

336 565 619 638 consilii
673 566 902 658 cepit,
968 573 1049 635 ut
1087 562 1404 634 celoces
1478 561 2034 649 conscenderet,
2100 565 2354 658 viginti

338 687 602 752 naveS,
657 685 1048 756 omnesque
1099 684 1399 756 parvas,
1449 661 1761 750 habens3
1828 667 2178 735 exercitui
2228 690 2353 761 pa-

338 761 476 836 lam
528 765 738 852 fecit,
806 786 891 836 se
942 764 1236 836 boream
1286 784 1548 834 versus
1597 766 1668 832 in
1718 760 2087 857 Halogiam
2138 767 2353 859 profi-

339 868 515 937 cisci
564 870 927 936 statuisse.
1033 863 1209 935 Cum
1276 884 1458 947 vero
1528 865 1716 934 ostio
1778 867 1980 935 sinus
2029 862 2354 939 Thrand-

338 964 622 1036 heimici
645 986 998 1058 egressus
1013 965 1099 1035 ad
1122 963 1593 1056 Agdanesum
1621 966 2101 1057 pervenisset,
2129 981 2352 1041 vento

337 1063 564 1136 borea
615 1068 878 1138 saevius
929 1068 1243 1157 spirante
1265 1116 1285 1150 ,
1339 1066 1665 1134 exercitu
1718 1073 1765 1133 e
1815 1063 2114 1136 navibus
2168 1066 2353 1139 clas-

339 1169 498 1236 sico
568 1176 912 1250 evocato,
980 1164 1356 1235 concilium
1424 1160 1701 1248 babuit,
1771 1172 1847 1235 et
1895 1167 2001 1236 sic
2068 1163 2354 1240 locutus

343 1275 489 1337 est:
560 1288 722 1359 quae
772 1267 865 1336 de
916 1262 1058 1335 hoc
1117 1267 1374 1335 itinere
1439 1262 1801 1351 simulavi,
1868 1285 2007 1339 nos
2057 1263 2355 1338 boream

340 1386 603 1436 versus
671 1368 743 1435 ἰιι
806 1363 1181 1456 Halogiam
1250 1362 1750 1457 profecturoS,
1819 1373 1941 1435 aut
2005 1369 2358 1440 orientem

341 1485 607 1538 versus
668 1468 742 1535 in
809 1462 1158 1535 Gothiam
1210 1466 1650 1558 equitaturus
1700 1484 1905 1549 esse,
1976 1485 2065 1536 ea
2126 1471 2355 1539 neuti-

341 1586 546 1657 quam
597 1568 795 1636 serio
849 1565 1041 1652 dixi,
1092 1555 1302 1634 nohis
1354 1567 1541 1633 enim
1591 1584 1927 1658 perquam
1977 1564 2358 1638 molestum

344 1674 495 1750 est,
560 1664 777 1736 nullis
827 1663 1038 1735 bonis
1087 1665 1475 1757 propositis
1531 1663 1924 1734 difficilem
1940 1663 2186 1736 subire
2238 1686 2357 1738 re-

343 1768 832 1856 migationcm:
886 1786 1040 1834 nam
1092 1767 1252 1835 istis
1306 1761 1491 1834 locis
1542 1761 1631 1834 ab
1663 1762 2064 1857 Heklungis
2116 1766 2205 1836 ad
2256 1768 2358 1836 in-

344 1867 483 1935 cita
533 1866 960 1958 redigemur.
1053 1864 1263 1935 Nunc
1315 1874 1550 1935 autem
1603 1862 1929 1956 intelligo
1975 1867 2360 1957 jucundius

346 1966 575 2037 visum
625 1968 738 2051 iri,
790 1964 1163 2036 celocihus
1223 1972 1439 2036 vento
1495 1964 1939 2036 secundante
1993 1987 2127 2058 per
2177 1967 2363 2038 freta

342 2067 733 2137 secundum
764 2064 973 2136 litora
1024 2066 1094 2133 in
1148 2079 1435 2135 cursum
1467 2065 1822 2151 immissiS,
1849 2062 2147 2138 Stadum
2177 2088 2359 2161 prae-

346 2165 664 2237 tervehi:
716 2188 898 2251 nam,
947 2175 1026 2237 ut
1073 2164 1296 2256 vulgo
1345 2168 1561 2256 ajunt,
1616 2185 1769 2260 rem
1819 2174 2020 2236 tenet
2068 2170 2186 2262 qui
2237 2189 2362 2240 au-

350 2264 476 2337 det
524 2266 904 2359 (audentes
957 2263 1240 2336 fortuna
1281 2267 1549 2357 juvat);
1621 2265 1883 2335 etenim
1935 2287 2364 2361 quocunque

350 2365 561 2437 nobis
625 2375 946 2459 tempore
1018 2367 1249 2457 visum
1315 2365 1569 2451 fuerit,
1657 2386 1943 2435 cursum
2010 2368 2083 2435 in
2146 2367 2364 2438 altum

350 2466 704 2557 dirigendi
772 2476 847 2537 et
912 2483 1045 2559 per
1117 2467 1482 2537 exteriora
1550 2467 1900 2536 orientem
1968 2485 2233 2537 versus
2292 2470 2367 2537 in

346 2566 601 2637 Vikam
651 2567 1028 2658 navigandi
1079 2564 1385 2636 facultas
1440 2568 1594 2635 erit.
1701 2561 1870 2655 Quo
1924 2565 2222 2636 consilio
2274 2567 2364 2638 ab

348 2667 675 2738 omnibus
724 2661 1050 2761 probato,
1099 2685 1385 2736 cursum
1436 2662 1806 2736 meridiem
1831 2683 2092 2737 versus
2129 2687 2364 2762 usque

347 2763 440 2838 ad
493 2765 787 2855 Stadum
840 2764 1380 2838 contendebant.
1506 2763 1674 2855 Quo
1743 2787 1903 2838 cum
1971 2769 2365 2855 venissent,

349 2879 485 2937 rex
533 2865 833 2938 navibus
874 2867 1144 2959 Junctis
1194 2837 1628 2959 colloquium
1681 2886 1839 2937 cum
1893 2866 2049 2936 suis
2100 2865 2365 2955 habuit,

354 2976 429 3038 et
477 2971 584 3038 sic
613 2966 836 3039 verba
863 2966 1074 3038 fecit:
1128 2964 2089 3060 quandoquidemprofectio
2120 2976 2384 3047 nostra.

352 3066 701 3137 hactenus
749 3067 1126 3137 admodum
1162 3064 1352 3136 bene
1391 3067 1773 3150 successit,
1825 3067 2160 3158 optimum
2193 3083 2367 3139 esse

353 3164 698 3251 arbitror,
765 3166 948 3236 velis
1001 3168 1072 3235 in
1123 3166 1337 3252 altum
1393 3166 1572 3236 datis
1592 3216 1626 3259 ,·
1681 3185 1969 3236 cursum
2020 3169 2369 3238 orientem

354 3279 620 3338 'versus
687 3268 756 3335 in
804 3265 1061 3337 Vikam
1130 3266 1462 3338 flectere:
1534 3287 1691 3336 nam
1753 3262 2092 3335 incolumi
2153 3287 2371 3337 curru

359 3367 639 3437 domum
693 3376 1030 3461 repetere
1084 3367 1435 3437 conducit.
1512 3365 1740 3437 Etiam
1790 3362 1996 3435 nobis
2046 3375 2370 3458 potestas

360 3475 476 3537 cst
521 3464 806 3558 Bergas
856 3467 1325 3559 irrumpendi,
1388 3468 1452 3537 si
1522 3487 1659 3560 qua
1726 3485 1903 3560 spes
1971 3462 2153 3537 lucri
2203 3489 2369 3560 pro-

355 3573 693 3659 ponatur3
758 3567 945 3658 quod
1002 3588 1162 3637 cum
1214 3569 1567 3636 minorem*
1606 3570 1990 3653 rationem,
2055 3570 2373 3661 quamvis

356 3664 663 3758 aliquem
716 3665 902 3757 apud
952 3687 1087 3738 vos
1112 3664 1490 3753 stimulum,
1543 3664 1814 3737 babere
1867 3685 2229 3753 censeam,
2280 3669 2372 3739 ad

356 3766 434 3837 id
483 3786 627 3834 non
680 3786 1115 3859 magnopere
1180 3765 1450 3837 hortari
1514 3765 1708 3837 volo.
1810 3764 2086 3837 Omnes
2132 3767 2370 3838 Birki·

358 3865 553 3937 heini
607 3866 941 3959 oppidum
992 3866 1479 3937 invadendum·
1513 3875 1971 3952 censuerunt,
2021 3868 2161 3937 sibi
2210 3886 2372 3959 gra-

358 3964 708 4052 tulanteS,
757 3968 821 4038 si
877 3985 1062 4061 quos
1113 3984 1208 4034 ex
1257 3963 1661 4059 Heklungis
1709 3966 2035 4059 capiendi
2086 3968 2376 4039 occasio

362 4085 450 4139 se
504 4066 726 4139 daret.
827 4064 1024 4140 Dein
1072 4083 1249 4153 rex,
1298 4064 1570 4162 aliquot
1617 4064 1993 4139 celocihus
2037 4068 2110 4137 in
2156 4065 2377 4139 Ulva·

439 4185 557 4248 vot.
590 4190 647 4265 β.
1931 4163 1967 4235 1
