2950 4709
597 327 719 422 62
1037 355 1401 406 msronu
1453 353 1680 410 umas
1733 353 2167 408 svnuunms.
2281 352 2603 424 o‚33-34.

601 550 858 615 noctes
908 545 1320 613 commorati
1370 551 1560 628 sunt,
1609 552 1979 638 antequam
2021 542 2353 638 oppidum
2383 540 2607 615 altera

602 647 764 715 vice
814 641 1401 736 adgrederentur.
2145 719 2152 728 ⁸

1165 742 1290 815 De
1337 735 1652 839 Erlinqo
1704 741 2041 839 dynasta.

808 839 928 913 34.
1026 841 1361 937 Vespere
1445 843 1749 937 quodam
1823 852 2169 914 coenatum
2241 839 2610 936 dynastam

611 939 971 1036 Sigurdus
1039 939 1319 1015 Nicolai
1385 943 1576 1014 filius
1644 954 1719 1015 et
1783 942 1927 1014 Jon
1979 938 2613 1035 Randabergens‘is

610 1044 956 1115 adierunt.
1058 1044 1193 1114 Hic
1244 1042 1639 1135 Sigurdus:
1709 1066 1796 1114 an
1868 1043 2189 1114 excubiae
2245 1046 2612 1137 dispositae

610 1152 798 1229 sunt,
854 1142 1192 1215 domine?
1243 1164 1501 1237 nempe
1532 1144 1880 1229 audimus,
1924 1142 2382 1216 Birkibeinos
2411 1144 2614 1215 brevi

610 1242 753 1315 huc
803 1243 1240 1315 adventuros
1305 1245 1749 1337 exspectari3
1819 1262 2041 1337 quare
2092 1247 2473 1331 svaserim,
2538 1252 2616 1315 ut

613 1346 858 1415 armati
908 1342 1168 1415 milites
1218 1342 1527 1415 classico
1595 1345 1683 1415 ad
1735 1365 1972 1414 arcem
2026 1355 2453 1431 evocentur,
2521 1361 2614 1415 ne

612 1445 755 1532 issi,
806 1447 869 1516 si
921 1443 1108 1515 forte
1160 1438 1495 1538 oppidum
1547 1445 2087 1537 aggrediantur,
2136 1467 2271 1517 nos
2321 1449 2616 1538 impara-

612 1556 733 1616 tos
787 1547 1214 1639 opprimaut3
1284 1566 1584 1638 namque
1649 1565 1899 1617 verum
1952 1556 2314 1639 putamuS,
2380 1543 2617 1620 Birki-

615 1645 875 1717 beinos
937 1648 1009 1715 in
1039 1667 1047 1674 ·
1077 1643 1584 1717 Gaulardalum
1643 1649 1787 1738 jam
1852 1646 2362 1731 descendisse,
2434 1664 2620 1739 quos

617 1744 940 1818 nonnulli
1007 1747 1289 1841 quidem
1354 1748 1425 1816 in
1492 1756 1798 1817 montem
1867 1744 2324 1840 profecturos
2377 1747 2619 1816 existi·-

616 1854 842 1932 mant,
909 1867 1046 1917 nos
1095 1855 1327 1917 autem
1396 1856 1600 1917 certo
1651 1848 2162 1940 comperimus,
2230 1866 2412 1918 vero
2477 1863 2621 1916 non

619 1945 1005 2018 absimilius
1059 1965 1258 2031 esse,
1312 1966 1446 2017 eos
1498 1945 1640 2017 huc
1692 1949 1764 2015 in
1800 1967 2271 2039 congressum
2305 1954 2622 2017 nostrum

621 2048 872 2119 venire
924 2047 1280 2117 statuisse.
1362 2045 1549 2117 Huic
1600 2044 1938 2139 dynasta:
1994 2068 2135 2140 ego
2167 2067 2345 2118 vero
2371 2067 2622 2118 verum

623 2166 797 2218 esse
848 2142 1167 2242 optarim,
1218 2148 1458 2240 iuquit,
1512 2166 1647 2217 eos
1680 2149 1750 2215 in
1784 2168 2252 2239 congressum
2302 2155 2623 2218 nostrum

619 2249 868 2319 venire
919 2250 1299 2332 statuisse,
1354 2248 1450 2316 ita
1505 2245 1719 2333 enim,
1762 2250 2036 2340 opinor,
2087 2247 2444 2339 condigno
2496 2266 2623 2317 ue·-

624 2350 974 2439 gotiorum
1044 2366 1397 2417 successu
1459 2368 1604 2417 uon
1656 2348 2010 2442 excident.
2110 2343 2340 2419 Vobis
2391 2356 2625 2417 autem

623 2445 760 2519 hac
828 2448 1111 2542 quidem
1176 2456 1390 2518 nocte
1451 2458 1643 2520 metu
1708 2445 2281 2518 Birkiheinorum
2347 2450 2628 2536 securis

627 2553 868 2643 quiete
918 2547 1058 2620 frui
1107 2547 1310 2635 licet3
1367 2568 1501 2618 eos
1554 2550 1733 2619 enim
1788 2552 1924 2619 iter
1976 2551 2047 2617 in
2098 2558 2423 2618 montana
2459 2567 2655 2617 con-v

625 2651 965 2733 vertisse,
1017 2650 1362 2739 cognovi3
1406 2668 1645 2743 neque
1698 2668 1874 2719 sane
1927 2647 2241 2719 Sverrer
2288 2644 2630 2718 hocloco

625 2768 766 2818 nos
817 2748 1081 2818 adoriri
1130 2746 1457 2833 audebit,
1514 2748 1605 2818 de
1657 2749 1968 2819 adv'entu
2022 2751 2217 2839 ejus,
2268 2748 2370 2818 uti
2421 2769 2632 2833 nunc,

629 2850 987 2918 certiores
1067 2845 1318 2918 factos.
1453 2843 1657 2919 Tunc
1737 2846 1884 2920 Jon
1961 2848 2628 2936 Randabergensisz

626 2947 818 3018 bene
864 2946 1073 3018 nobis
1122 2956 1356 3019 vertat
1403 2950 1565 3033 ista,
1616 2970 1820 3042 quam
1875 2939 2174 3041 dynasta
2225 2946 2633 3042 pollicetur,

631 3048 725 3119 de
793 3048 1104 3119 adventu
1165 3045 1739 3119 Birkibeinorum
1808 3048 2200 3119 securitas!
2302 3045 2403 3116 At
2449 3066 2631 3118 vero

629 3158 813 3236 sunt,
867 3149 1188 3234 domine,
1240 3151 1359 3243 qui
1412 3150 1685 3235 dicant,
1736 3147 1862 3220 tibi
1912 3152 2139 3241 magis
2191 3166 2384 3218 curae
2437 3144 2633 3232 esse,

629 3261 711 3321 ut
757 3258 833 3321 te
883 3252 1051 3321 vino
1102 3248 1429 3321 mulsove
1483 3248 1842 3334 inebrieS,
1904 3270 2117 3343 ,quam
2168 3257 2248 3319 ut
2296 3245 2635 3317 militibus

631 3352 1049 3432 auctoritate
1117 3348 1579 3420 consiliorum
1647 3349 2049 3440 provideas.
2148 3347 2282 3419 Hic
2333 3346 2636 3437 dynasta

629 3452 755 3518 ira
787 3455 1218 3518 commotus:
1285 3457 1492 3518 autea
1559 3448 1846 3541 quidem
1881 3463 2078 3519 'raro
2132 3445 2636 3542 exprobratum

631 3546 802 3618 mihi
852 3546 1020 3633 fuit,
1079 3547 1271 3640 quod
1321 3567 1465 3617 non
1515 3549 1693 3618 satis
1743 3550 2300 3642 circumspectus
2351 3566 2636 3632 essemg

536 3661 543 3664 ·
633 3668 825 3720 nunc
852 3657 1086 3720 autem
1117 3650 1391 3733 nescio,
1442 3656 1674 3718 utrum
1709 3668 1850 3741 ego
1893 3670 1974 3719 re
2023 3669 2199 3719 vera
2228 3645 2393 3717 huic
2424 3665 2637 3716 exer-

635 3750 842 3834 citui,
889 3751 1076 3819 sicut
1127 3748 1396 3834 dicitis,
1445 3768 1691 3841 parum
1745 3748 2131 3820 consulere
2186 3749 2455 3841 possim
2477 3798 2498 3832 ,
2549 3765 2639 3815 an

634 3868 774 3919 vos
824 3850 1084 3940 magiS,
1151 3845 1356 3942 quam
1406 3869 1538 3943 par
1591 3857 1740 3936 est,
1802 3851 2125 3923 timeatis.
2228 3846 2380 3918 Sed
2431 3844 2641 3917 vobis

635 3944 771 4017 hac
835 3957 1049 4019 nocte
1117 3949 1287 4020 ideo
1348 3953 1634 4021 securis
1697 3970 1957 4042 capere
2012 3950 2319 4043 quietem
2373 3944 2641 4029 licebit,

639 4047 832 4140 quod
884 4057 1174 4139 egomet
1222 4051 1414 4143 ipse,
1464 4051 1679 4120 modo
1731 4049 1897 4119 mibi
1947 4047 2382 4120 credendum
2436 4054 2642 4140 pute-

637 4149 772 4233 tiS,
843 4146 1188 4221 excubias
1257 4157 1544 4221 acturus
1595 4171 1784 4236 sum3
1868 4149 2059 4244 quod
2111 4147 2397 4243 quidem
2450 4143 2644 4230 olim,
