2950 4709
343 372 417 438 c.
449 370 552 435 54.
783 371 1150 423 nisi-omn
1203 372 1432 423 uncis
1488 369 1922 424 emanans.
2011 403 2014 407 .
2240 343 2360 437 95

340 553 703 649 praefecti:
758 550 990 628 Ulvus
1032 552 1599 642 Lauvnesensis,
1648 552 1883 628 Ulvus
1909 549 2164 649 Flyus,
2214 551 2355 629 Ha·

342 656 610 727 vardus
679 651 1004 748 dynastae
1072 656 1299 746 iilius,
1378 653 1667 727 Bardus
1732 656 2130 744 Guttormi,
2197 655 2359 729 lvar

341 753 653 826 Silkiusl
712 765 788 826 et
837 753 1267 847 Gudlaugus
1317 754 1586 827 Valius.
1689 751 2101 843 Olavsuda,
2153 777 2358 851 quam

343 854 655 926 ducebat
703 876 836 925 rex
876 853 1211 941 Sverrer,
1261 858 1511 947 viginti
1565 864 1639 925 et
1672 858 1993 950 ‘quinque
2048 865 2204 927 erat
2250 860 2356 927 in·

342 954 905 1026 terscalmiorum
927 1007 948 1041 ,
999 978 1044 1026 a
1095 954 1738 1052 propugnatoribus
1787 958 1963 1028 satis
2013 955 2202 1027 bene
2252 959 2356 1026 in·

343 1063 649 1141 structa3
711 1056 1040 1126 -totidem
1133 1054 1771 1125 interscalmiorum
1857 1066 2012 1127 erat
2093 1054 2358 1144 Garna,

344 1175 552 1247 quam
605 1153 1036 1246 Gudlaugus
1101 1149 1393 1225 Valius2
1462 1153 1785 1226 ducebat.
1902 1155 2357 1245 Harknivum,

343 1257 592 1344 viginti
642 1257 848 1326 trium
899 1253 1570 1342 interscalmiorum,
1623 1254 2200 1347 speculatoribus
2250 1260 2356 1327 in·-

344 1351 725 1440 structum,
791 1343 1166 1447 Audbjorn
1216 1353 1550 1443 ducebat3
1616 1352 2174 1446 Fjardakollam,
2228 1357 2355 1428 do·

342 1457 664 1526 mesticis
714 1453 1177 1547 stipatoribus
1229 1453 1690 1547 completam,
1744 1454 2019 1548 Asgeir
2065 1455 2355 1528 flamar-

344 1553 668 1626 skallius.
746 1552 1140 1625 Birkibeini
1177 1552 1447 1625 multas
1499 1556 1832 1646 ingentes
1882 1576 2106 1627 naves
2135 1554 2355 1629 habe·-

346 1653 531 1726 ba'nt.
608 1652 1221 1727 Concurrentibus
1251 1656 1438 1724 inter
1470 1674 1556 1725 se
1608 1653 1933 1740 navibuS,
1986 1652 2358 1729 Olavsuda

346 1756 437 1825 in·
473 1769 795 1826 extremo
862 1775 1096 1825 cornu·
1137 1752 1541 1840 serebatur,
1611 1758 1816 1848 cujus
1878 1754 2085 1825 lateri
2152 1765 2355 1827 exte·

349 1858 523 1926 riori
589 1852 844 1926 hostes
910 1854 1238 1925 undecim
1291 1874 1515 1925 nav-es
1565 1858 1874 1947 majores
1923 1852 2357 1948 applicuere.
2441 1884 2444 1886 “

284 1956 288 1959 ’
346 1953 486 2027 Hie
532 1957 795 2025 acriter
845 1964 919 2025 et
967 1954 1091 2026 diu
1139 1960 1563 2048 pugnatum.'
1639 1956 1885 2047 Magni
1939 1958 2139 2049 regis
2178 1954 2354 2026 mili·

332 2065 463 2127 «tes
512 2053 948 2128 Olavsudam
1017 2053 1492 2126 veliementer
1552 2052 2086 2149 oppugnabant,
2154 2077 2357 2143 saxa,

346 2152 516 2241 tela,
566 2174 766 2247 gaesa
820 2158 1273 2247 ingerentes3
1327 2155 1520 2249 quod
1571 2176 1754 2228 vero
1803 2176 2057 2248 proras
2091 2155 2356 2229 obver-

345 2265 615 2341 terant,
694 2257 1015 2325 cominus
1079 2256 1444 2347 pugnandi
1532 2254 1741 2327 locus
1805 2258 1948 2325 non
1998 2256 2354 2345 ‘dabatur3

346 2363 534 2428 tanta
583 2365 820 2427 tamen
869 2357 939 2424 in
966 2352 1403 2428 Olavsudam
1455 2353 1837 2446 ingruebat
1884 2352 2191 2426 telorum
2223 2358 2358 2444 vis,
2437 2439 2441 2442 Α
2522 2359 2529 2394 ²

348 2464 429 2527 ut
495 2456 600 2524 ex·
635 2454 867 2525 tribus
919 2457 987 2522 in
1041 2474 1327 2547 quoque
1376 2452 2040 2525 semiinterscalmio
2094 2476 2356 2548 propu-

348 2554 767 2646 gnatoribus
835 2553 1001 2626 alibi
1069 2573 1293 2638 unus,
1375 2553 1543 2625 alibi
1596 2571 1836 2625 *nemo
1904 2557 2356 2626 consisteret.

345 2654 488 2726 Ubi
537 2675 715 2726 vero
764 2654 1028 2726 milites
1078 2655 1279 2746 regis
1330 2654 1605 2747 Magni,
1658 2653 2010 2748 lapidibus
2059 2675 2146 2725 ac
2190 2654 2359 2728 telis

252 2791 261 2800 ·
348 2753 864 2841 deficientibus,
918 2775 1170 2826 navem
1221 2754 1718 2827 conscendere
1769 2754 2144 2850 parabant,
2193 2752 2356 2827 Bir-

344 2855 650 2941 kikeini,
700 2858 915 2927 armis
965 2857 1257 2941 sumtis,
1306 2854 1424 2927 alii
1473 2856 1659 2927 alios
1708 2855 2001 2945 hortari,
2049 2865 2127 2927 ut
2176 2858 2357 2929 resi-

347 2964 657 3044 sterent3
708 2963 855 3027 tum
907 2953 1414 3050 compluribuS,
1468 2958 1588 3050 qui
1636 2966 1842 3029 antea
1873 2959 2230 3050 conjectu·
2254 2955 2357 3029 la·

211 3106 222 3109 -
345 3055 585 3148 pidum
637 3077 723 3125 ac
773 3055 1078 3134 telorum
1149 3055 1714 3146 procubuerant,
1781 3057 2358 3150 resurgentibus,

345 3175 479 3246 pro
531 3173 620 3223 se
671 3156 977 3245 quisque
1029 3173 1234 3246 quam
1284 3153 1675 3226 fortissime
1727 3177 2018 3248 operam
2070 3178 2358 3245 navare,

348 3261 426 3323 et
498 3254 917 3323 acerrimum
977 3255 1313 3342 impetum
1390 3252 1656 3324 facere.
1787 3253 1953 3325 Rex
2016 3252 2355 3342 Sverrer,

342 3353 647 3423 candido
699 3350 916 3446 pallio
971 3353 1240 3438 eximie
1266 3351 1605 3424 subtexto
1633 3353 1940 3440 indutuS,
1992 3352 2355 3452 rubroque

321 3462 555 3526 scuto
622 3459 899 3539 tectus,
980 3456 1050 3523 in
1132 3456 1632 3526 munimentum
1703 3453 2015 3548 ligneum
2093 3455 2356 3543 insiliit,

344 3572 670 3645 suosque
736 3572 1174 3647 magnopere
1241 3552 1656 3627 cohortatus
1708 3564 1839 3631 est.
1940 3555 2133 3627 Dein
2184 3578 2355 3628 con-

342 3671 630 3736 versuS,
682 3672 836 3721 cum
891 3653 980 3722 ad
1030 3656 1387 3724 sinistrum
1440 3652 1836 3727 Olavsudae
1887 3653 2073 3727 latus
2125 3659 2354 3750 respi-

344 3753 583 3836 ciens,
658 3748 1112 3843 Gudlaugum
1163 3752 1348 3824 aulae
1399 3757 1810 3846 magistrum
1862 3775 1957 3826 eo
2009 3754 2180 3826 loco
2231 3777 2353 3827 na-

341 3871 503 3922 vem
574 3871 776 3920 suam
844 3853 1291 3939 constitisse,
1358 3871 1597 3945 neque
1663 3852 1952 3947 longius
2006 3877 2211 3949 quam
2262 3854 2355 3926 ad

338 3951 705 4044 posterius
756 3952 1056 4021 sentinae
1118 3950 1668 4023 interscalmium
1723 3957 2155 4048 provexisse
2206 3959 2353 4026 ani·

339 4070 522 4119 mum
584 4050 1033 4135 adverteret,
1101 4070 1263 4121 eum
1314 4050 1751 4140 inclamavit,
1818 4054 2049 4125 tabem
2105 4057 2173 4124 ei
2225 4057 2352 4124 im-

395 4179 462 4247 ,⁸2
500 4178 720 4250 selum,
762 4179 827 4236 G.
903 4181 951 4249 ⁹)
988 4182 1120 4240 aula
1154 4180 1414 4256 magister,
1453 4180 1518 4238 Β.
