2950 4709
567 267 747 368 Μ
993 292 1360 349 merom.
1412 288 1639 339 neers
1694 286 2131 342 eveum-mre.
2201 277 2275 351 o.
2319 286 2592 358 14042,

571 478 813 554 cessit.
910 473 1233 550 Unneum
1284 473 1501 552 Hidio
1543 467 1863 568 ‘amplius
1933 471 2394 567 quadraginta
2442 478 2580 549 viri

572 576 1011 662 oeciderunt,
1062 597 1207 669 quo
1257 578 1327 645 in
1379 595 1676 645 numero
1728 572 2137 667 complures
2186 574 2418 647 aulici.

577 675 1037 771 Conqressus
1084 678 1287 771 reqis
1320 671 1709 750 Svmerz’s
1757 682 1830 746 et
1874 669 2188 769 Siqurdi
2238 674 2582 772 dynascoe

796 839 802 847 .
1586 796 1657 849 τι

773 872 941 947 141.
1046 872 1212 948 Rex
1262 772 1600 959 Strong-l,
1650 871 1893 943 classe
1945 874 2172 966 primo
2206 870 2577 946 'funsher-

573 994 739 1064 gum
790 972 1109 1066 appulsa,
1161 995 1318 1048 eum
1375 982 1579 1045 esset
1629 973 1722 1043 de
1765 972 1987 1046 rebus
2018 972 2112 1042 ibi
2148 976 2378 1063 gestis
2414 994 2576 1045 cer-

570 1075 709 1142 tior
758 1071 1028 1158 faetuS,
1097 1072 1432 1142 militibus
1487 1072 1715 1164 palam
1766 1072 1973 1157 feeit,
2023 1093 2110 1146 se
2163 1070 2578 1164 Sigurdum,

571 1174 639 1241 si
715 1194 854 1264 qua
918 1174 1192 1242 ratione
1260 1171 1705 1264 deprehendi
1774 1182 2065 1265 posset,
2149 1176 2576 1266 conquirere

570 1268 800 1359 velie3
885 1273 1257 1363 statimque
1323 1270 1584 1341 solutis
1648 1271 1947 1343 navibus
2014 1280 2243 1343 ortum
2309 1293 2577 1347 versus

571 1379 769 1443 trans
835 1373 1062 1445 sinum
1127 1367 1567 1441 Foldensem
1636 1371 2024 1457 deveotuS,
2092 1391 2252 1445 eum
2321 1369 2577 1463 Sigar-

575 1470 737 1555 dum
792 1472 936 1564 jam
999 1469 1349 1543 orientem
1423 1492 1683 1544 versus
1750 1473 1824 1540 in
1872 1469 2125 1544 Vikam
2176 1469 2577 1563 profectum

573 1574 1071 1663 eomperisset,
1125 1591 1285 1643 eum
1339 1573 1707 1644 insecutus
1738 1580 1868 1642 est.
1951 1568 2130 1644 Cum
2160 1591 2338 1643 vero
2368 1570 2580 1643 brevi

573 1674 806 1763 spatio
872 1674 1058 1744 inter
1120 1691 1205 1741 se
1258 1669 1637 1756 abessent,
1707 1668 2102 1761 SigurduS,
2170 1670 2265 1740 de
2319 1673 2577 1741 itinere

572 1773 775 1862 regis
826 1773 1095 1842 certior
1143 1767 1414 1855 faetuS,
1468 1791 1689 1841 eursu
1739 1791 1872 1862 per
1919 1766 2416 1842 Lanasundum
2471 1772 2576 1841 di-

572 1879 800 1956 recto,
851 1867 1145 1940 Beviam
1197 1870 1496 1941 navibus
1548 1872 1851 1941 intravit.
1939 1868 2174 1940 Paulo
2226 1880 2394 1963 post
2442 1891 2580 1942 rex

573 1966 889 2039 Sverrer
956 1969 1213 2040 eodem
1283 1969 1602 2056 delatus,
1670 1974 2005 2062 impetum
2072 1973 2145 2040 in
2198 1991 2330 2041 eos
2383 1970 2578 2043 feeit.

575 2065 1007 2159 Sigurdiani,
1060 2071 1386 2145 tentoriis
1439 2073 1685 2162 raptim
1739 2071 2086 2153 detensis,
2136 2068 2281 2142 tela
2333 2075 2575 2163 conje-

575 2177 858 2257 cerunt3
911 2189 1206 2262 quorum
1261 2190 1419 2238 eum
1471 2167 1799 2262 plerique
1854 2190 1895 2240 e
1948 2171 2247 2242 navibus
2287 2172 2578 2263 egressi

575 2276 862 2354 essent,
932 2277 1303 2362 antequam
1372 2271 1576 2360 regia
1627 2267 1887 2341 elassis
1952 2269 2361 2357 advolaret,
2430 2274 2577 2363 jam

570 2365 1007 2446 Birkiheinis
1083 2372 1156 2439 in
1237 2378 1497 2445 terram
1568 2368 2038 2442 evolantibus
2085 2370 2445 2463 extemplo
2505 2374 2581 2442 in

572 2467 813 2561 fugam
894 2489 981 2541 se
1051 2472 1552 2562 conjecerunt:
1639 2468 1817 2540 Cum
1877 2467 2274 2542 Birkibeini
2325 2469 2578 2564 Sigar-

576 2568 739 2642 dum
794 2578 1081 2662 pontem
1131 2578 1734 2640 transcurrentem
1785 2573 2370 2664 insequerentur,
2419 2568 2579 2664 plu·

571 2671 891 2761 rimaque
943 2665 1529 2759 Sigurdianornm
1586 2691 1753 2762 pars
1795 2673 1940 2762 jam
1991 2672 2399 2756 transisset,
2450 2668 2578 2742 ali,

568 2776 749 2861 quot
816 2788 1063 2837 eorum
1134 2788 1225 2837 eo
1306 2767 1472 2839 loeo
1552 2768 2003 2855 ceciderunt,
2085 2767 2297 2862 Bagli
2375 2790 2581 2857 vero,

572 2876 793 2959 ponte
860 2870 1294 2959 interrupto,
1346 2869 1444 2942 „in
1527 2869 2049 2944 mediterranea
2131 2869 2578 2963 aufugerunt,

571 2964 968 3042 Birkibeini
1035 2965 1335 3054 navibus
1386 2989 1545 3040 eum
1600 2968 1925 3044 omnibus
1976 2968 2233 3056 rebuS,
2298 2992 2458 3062 quae
2506 2973 2598 3042 in.

577 3070 688 3144 eis
744 3076 983 3153 erant,
1035 3069 1272 3160 potiti,
1324 3065 1675 3145 eeloeium
1728 3068 1906 3139 alias
1957 3090 2204 3142 seeum
2257 3067 2578 3142 abduxe-

573 3178 774 3253 runt,
850 3167 1030 3244 alias
1100 3169 1587 3246 incenderunt.
1708 3167 1991 3259 Quibus
2057 3168 2281 3240 rebus
2348 3173 2580 3261 gestis

571 3288 708 3344 rex
751 3269 1332 3362 septemtrionem
1383 3289 1652 3339 versus
1700 3268 2067 3361 profectus
2091 3266 2378 3362 Bergas
2409 3291 2580 3345 eou-

571 3368 820 3455 tendit,
869 3368 1109 3462 ibique
1163 3366 1460 3438 hiemem
1514 3372 1875 3459 transegit.

1026 3464 1150 3537 De
1197 3462 1658 3544 Birlcibeinis
1706 3477 1779 3540 et
1827 3466 2115 3565 Baylis.
2449 3527 2464 3538 κ

736 3562 947 3653 142.
1032 3563 1489 3640 Praeeedenti
1544 3577 1875 3645 autumno
1928 3569 2187 3643 elassis
2238 3563 2582 3662 majorum

571 3665 889 3749 navium,
958 3663 1047 3733 ah
1114 3685 1294 3756 rege
1363 3667 1434 3734 in
1506 3666 1972 3760 Helgasundo
2028 3670 2313 3756 relicta,
2376 3679 2582 3742 recto
2679 3759 2690 3764 p

574 3784 787 3834 eursu
838 3767 1418 3856 septemtrionem
1469 3788 1734 3846 versus
1780 3766 2091 3863 BergaS,
2140 3771 2452 3865 indeque
2511 3772 2581 3839 in

570 3861 1167 3937 Thrandheimum
1237 3869 1611 3959 navigavit.
1714 3867 2047 3968 Eyolvus
2095 3868 2298 3944 Atliil
2369 3868 2583 3955 filius,

573 3961 895 4070 {Eirikus
943 3962 1296 4036 Haensis²
1365 3976 1440 4037 et
1509 3968 1773 4039 Arnius
1842 3967 2307 4044 Skadaredus
2376 3962 2582 4062 primi

643 4097 696 4164 ι)
733 4099 903 4167 Haflfl,
943 4097 1005 4156 F·
1077 4098 1132 4167 ¹)
1170 4100 1417 4166 licentis,
1460 4100 1524 4164 F,
1557 4100 1638 4165 6,·
1677 4103 1747 4158 ab
1783 4103 1949 4176 siguo
1986 4103 2155 4160 amitt.
2199 4105 2262 4160 A.
