2950 4709
587 376 710 465 52
1023 400 1393 451 maroam
1446 400 1672 449 nnc-ts
1727 400 2164 450 svs-:nn-nms.
2281 398 2608 465 c,23.29‚

593 587 712 680 qui
775 601 1027 678 regem
1080 593 1287 656 antea
1341 581 1563 654 ferire
1615 586 2002 674 cogitarat,
2075 578 2292 654 letale
2345 582 2651 656 vulnus.

589 685 855 757 inflixit.
958 683 1157 775 Quo-
1194 683 1384 755 facto
1422 697 1593 753 ‘rex
1663 686 1918 753 iterum
1989 686 2155 753 eniti
2221 680 2601 755 contendit.

588 784 1012 858 Adversarii
1064 805 1267 870 vero,
1320 781 1409 854 ab
1448 784 1922 875 impugnando
1952 782 2217 874 Belgio
2252 785 2600 869 deterriti,

586 906 670 956 re
696 885 956 957 infecta
982 886 1498 956 discesserunt.
1566 882 1731 952 Rex
1757 884 1990 954 itineri
2018 882 2347 955 faciundo
2369 888 2596 956 minus

586 987 895 1057 idoneus
931 994 1107 1070 erat,
1157 984 1350 1078 quod
1401 986 1473 1053 in
1524 1006 1763 1076 pugna
1791 981 2034 1076 jaculo
2070 994 2375 1075 pennato
2411 988 2599 1056 ictus

586 1086 778 1179 pede
830 1084 1244 1157 vulneratus
1300 1094 1493 1169 erat,
1563 1084 1753 1175 quod
1810 1083 2072 1155 vulnus
2126 1086 2195 1153 ei
2264 1106 2302 1154 a
2357 1082 2599 1156 Serko

585 1184 939 1278 Rjodensi
989 1184 1122 1255 fuit
1171 1182 1458 1255 illatum.
1562 1181 1869 1275 Helgius
1917 1204 2165 1275 regem
2218 1187 2595 1256 comitatus

584 1305 721 1378 per
752 1284 1222 1355 Gaularasum
1261 1286 1426 1354 eniti
1479 1284 1862 1369 contendit,
1916 1283 2078 1353 dum
2118 1283 2381 1355 milites
2412 1306 2595 1377 prae·

584 1384 686 1457 lio
727 1383 968 1478 elapsi
1020 1383 1112 1456 ad
1167 1404 1302 1454 eos
1352 1383 1812 1454 confluerent.
1913 1381 2049 1453 Hic
2100 1403 2235 1453 rex
2277 1387 2344 1454 in
2394 1406 2593 1454 mon-

581 1494 727 1557 tem
778 1487 1161 1577 processit,
1211 1483 1451 1577 ibique
1496 1481 1858 1571 recubuit3
1913 1484 2079 1553 inde
2120 1483 2622 1557 exaudiebant.

583 1604 961 1656 sermones
1014 1584 1551 1677 oppidanorum,
1601 1585 1788 1653 inter
1836 1604 1946 1670 se,
1996 1592 2228 1654 utrum
2272 1581 2594 1656 Sverrer

582 1687 656 1759 in
707 1684 957 1778 praelio
1009 1685 1397 1756 cecidisset
1446 1703 1584 1754 nec
1634 1703 1750 1769 ne,
1807 1683 2327 1754 disserentium.
2410 1683 2590 1775 Qui-

581 1783 723 1856 bus
750 1783 1057 1876 Helgius
1094 1782 1286 1856 clara
1318 1802 1529 1869 voce,
1580 1792 1660 1854 ut
1689 1783 2019 1876 oppidani
2069 1782 2418 1870 audirent,
2469 1805 2587 1855 re-

581 1885 905 2002 spondit·
958 1904 1095 1954 rex
1119 1881 1455 1969 Sverrer,
1506 1891 1879 1976 antequam
1908 1883 2302 1970 occumbat,
2355 1883 2591 1956 adhue

581 1985 929 2054 acriorem
998 1986 1072 2053 in
1123 2002 1259 2054 vos
1309 1982 1641 2074 impetum
1705 1982 1915 2055 dabit.
2012 1982 2091 2053 In
2143 1981 2284 2055 hoc
2332 1984 2586 2077 praelio

576 2081 779 2155 multi
825 2082 1056 2153 fortes
1108 2084 1239 2153 viri
1268 2082 1720 2153 ceciderunt·
1773 2080 2133 2198 Signi-dus
2165 2082 2584 2156 Saltnesen-

581 2186 713 2269 sis,
766 2185 1066 2276 ejusque
1117 2181 1341 2253 frater
1389 2179 1535 2251 Jon
1574 2171 1954 2274 Ketlingus
2007 2186 2078 2260 in
2129 2184 2340 2255 litore
2392 2187 2583 2255 ceci-

578 2282 867 2370 derunt3
937 2302 1232 2376 quorum
1298 2281 1519 2353 frater
1565 2279 1939 2375 Viljalmus
1990 2286 2241 2376 jugum
2296 2293 2369 2355 et
2417 2306 2582 2379 pro-

575 2385 1000 2473 montorium
1069 2404 1208 2454 una
1256 2385 1417 2454 navi
1487 2392 2003 2475 praetervectus
2070 2383 2378 2476 aufugit,
2444 2384 2583 2457 sed

577 2483 666 2556 ab
735 2482 1279 2578 insequentibus
1331 2483 1702 2576 oppidanis
1759 2486 2118 2576 impetitus
2137 2535 2158 2570 ,
2227 2503 2580 2576 egressus

579 2604 625 2655 e
674 2586 837 2655 navi
887 2587 959 2653 in
1007 2582 1221 2654 litore
1271 2583 1570 2655 cecidit:
1639 2584 2003 2676 oppidani,
2067 2586 2279 2655 armis
2330 2605 2580 2658 eorum

576 2686 765 2755 inter
813 2703 899 2753 se
951 2682 1225 2768 divisis,
1273 2702 1357 2752 re
1409 2685 1522 2752 sic
1548 2693 1758 2773 gesta
1789 2684 2298 2755 discesserunt.
2375 2683 2578 2756 Gud-

574 2781 835 2876 laugus
885 2781 1068 2852 aulae
1120 2784 1439 2851 minister
1489 2784 1805 2874 graviter
1852 2781 2261 2855 vulneratus
2314 2795 2461 2872 est3
2512 2786 2577 2855 is

571 2885 810 2953 tunica
873 2884 1165 2953 coccina
1225 2879 1515 2952 indutus
1567 2883 1816 2973 jugum
1884 2883 2329 2955 ascenderat.
2439 2883 2577 2955 Hic

574 2984 644 3053 ei
697 2981 1002 3053 colonus
1050 2981 1330 3076 quidam
1384 2980 1661 3053 obviam
1715 2980 1984 3067 factm,
2053 3006 2211 3054 cum
2263 3006 2475 3055 unum
2529 3004 2574 3056 e

569 3081 1007 3176 fugientibus
1059 3102 1230 3154 esse
1282 3091 1486 3153 certo
1538 3085 2026 3173 cognovisset,
2079 3086 2320 3155 securi
2352 3081 2573 3176 ligna-

568 3185 715 3269 ria,
783 3204 989 3277 quam
1056 3204 1264 3255 manu
1315 3181 1644 3271 tenebat,
1712 3185 2102 3269 cervicem,
2174 3205 2311 3279 qua
2377 3183 2571 3255 collo

560 3286 904 3376 jungitur,
952 3284 1329 3377 percussit.
1430 3280 1599 3373 Quo
1652 3286 1796 3354 ictu
1847 3283 2238 3376 collapsum
2275 3305 2435 3354 cum
2464 3287 2569 3353 in-

566 3383 942 3454 terfectum
994 3404 1035 3452 a
1085 3404 1171 3452 se
1223 3380 1528 3452 colonus
1581 3390 1878 3474 putaret,
1928 3380 2256 3454 vestibus
2305 3383 2569 3476 spolia-

565 3491 707 3553 tum
764 3479 1092 3552 collectis
1140 3483 1519 3550 sarmentis
1545 3484 1748 3567 texit,
1801 3501 2037 3573 eoque
2067 3480 2234 3554 loco
2265 3482 2569 3577 reliquit.

562 3580 664 3652 At
713 3579 1181 3672 GudlauguS‚
1234 3583 1393 3650 cu'm
1445 3578 1662 3672 paulo
1712 3589 1879 3673 post
1927 3581 2018 3651 ad
2068 3603 2155 3654 se
2204 3582 2570 3669 rediisset,

562 3683 905 3766 surrexit,
958 3680 1382 3773 domumque
1413 3679 1782 3773 quandam,
1834 3679 1955 3751 ubi
1987 3680 2186 3754 'bene
2218 3691 2569 3776 exceptus
2619 3719 2624 3722 ·
2743 3712 2755 3720 ·

565 3789 705 3866 est,
753 3783 1101 3874 pervenit.
1201 3778 1396 3850 Dein
1445 3800 1694 3872 regem
1737 3779 2176 3855 subsecutus
2205 3792 2360 3869 est}
2411 3780 2568 3853 vnl-

561 3900 881 3974 neraque
945 3883 1105 3972 ejus
1167 3881 1512 3951 coierunt.
1644 3878 1758 3951 Ex
1826 3901 1968 3975 quo
2035 3880 2429 3955 Birkibeini
2496 3883 2568 3953 ei

562 4000 964 4073 cognomen
1015 3978 1470 4051 Gnitaskorae
1506 3980 1945 4052 indiderunt.

1088 4074 1351 4149 Oratio
1398 4081 1604 4175 reqis
1653 4076 2056 4152 Svmms.

762 4175 884 4248 29.
959 4174 1118 4250 Hoc
1148 4176 1339 4250 facto
1376 4177 1654 4272 praelio,
1702 4176 2093 4250 Birkibeini
2133 4179 2203 4250 in
2236 4174 2565 4273 Uplanda
