<?xml version="1.0" encoding="UTF-8"?>
<!DOCTYPE html PUBLIC "-//W3C//DTD XHTML 1.0 Transitional//EN"
    "http://www.w3.org/TR/xhtml1/DTD/xhtml1-transitional.dtd">
<html xmlns="http://www.w3.org/1999/xhtml" xml:lang="en" lang="en">
 <head>
  <title>
</title>
<meta http-equiv="Content-Type" content="text/html;charset=utf-8" />
  <meta name='ocr-system' content='tesseract 3.04.00' />
  <meta name='ocr-capabilities' content='ocr_page ocr_carea ocr_par ocr_line ocrx_word'/>
</head>
<body>
  <div class='ocr_page' id='page_1' title='image "./scriptahistoric01unkngoog_0046.png"; bbox 0 0 2950 4709; ppageno 0'>
   <div class='ocr_carea' id='block_1_1' title="bbox 7 4345 19 4574">
    <p class='ocr_par' dir='ltr' id='par_1_1' title="bbox 7 4345 19 4574">
     <span class='ocr_line' id='line_1_1' title="bbox 7 4345 19 4574; textangle 90"><span class='ocrx_word' id='word_1_1' title='bbox 7 4375 19 4574; x_wconf 46' lang='lat' dir='ltr'><strong>-ssvxvz</strong></span> <span class='ocrx_word' id='word_1_2' title='bbox 8 4345 16 4366; x_wconf 54' lang='lat'><strong>„-</strong></span> 
     </span>
    </p>
   </div>
   <div class='ocr_carea' id='block_1_2' title="bbox 600 305 2604 422">
    <p class='ocr_par' dir='ltr' id='par_1_2' title="bbox 600 305 2604 422">
     <span class='ocr_line' id='line_1_2' title="bbox 600 305 2604 422; baseline 0.002 -40"><span class='ocrx_word' id='word_1_3' title='bbox 600 305 720 401; x_wconf 71' lang='lat'><strong>32</strong></span> <span class='ocrx_word' id='word_1_4' title='bbox 908 416 914 422; x_wconf 24' lang='lat'>·</span> <span class='ocrx_word' id='word_1_5' title='bbox 1037 327 1400 386; x_wconf 61' lang='lat' dir='ltr'><strong>msa-omn</strong></span> <span class='ocrx_word' id='word_1_6' title='bbox 1457 335 1684 384; x_wconf 67' lang='lat' dir='ltr'><strong>neers</strong></span> <span class='ocrx_word' id='word_1_7' title='bbox 1737 327 2172 385; x_wconf 56' lang='lat' dir='ltr'><strong>svennnmm</strong></span> <span class='ocrx_word' id='word_1_8' title='bbox 2284 336 2356 399; x_wconf 83' lang='lat' dir='ltr'><strong>c,</strong></span> <span class='ocrx_word' id='word_1_9' title='bbox 2390 325 2604 397; x_wconf 76' lang='lat'><strong>16:17,</strong></span> 
     </span>
    </p>
   </div>
   <div class='ocr_carea' id='block_1_3' title="bbox 600 509 2700 2022">
    <p class='ocr_par' dir='ltr' id='par_1_3' title="bbox 600 509 2608 921">
     <span class='ocr_line' id='line_1_3' title="bbox 601 509 2606 616; baseline -0.003 -20"><span class='ocrx_word' id='word_1_10' title='bbox 601 509 940 596; x_wconf 80' lang='lat' dir='ltr'><strong>Praefecti</strong></span> <span class='ocrx_word' id='word_1_11' title='bbox 993 543 1036 593; x_wconf 92' lang='lat' dir='ltr'><strong>a</strong></span> <span class='ocrx_word' id='word_1_12' title='bbox 1086 541 1267 614; x_wconf 82' lang='lat' dir='ltr'><strong>rege</strong></span> <span class='ocrx_word' id='word_1_13' title='bbox 1317 520 1548 616; x_wconf 91' lang='lat' dir='ltr'><strong>pulsi,</strong></span> <span class='ocrx_word' id='word_1_14' title='bbox 1612 524 1683 592; x_wconf 91' lang='lat' dir='ltr'><strong>in</strong></span> <span class='ocrx_word' id='word_1_15' title='bbox 1734 520 1936 593; x_wconf 88' lang='lat' dir='ltr'><strong>lacus</strong></span> <span class='ocrx_word' id='word_1_16' title='bbox 1987 529 2229 615; x_wconf 84' lang='lat' dir='ltr'><strong>partes</strong></span> <span class='ocrx_word' id='word_1_17' title='bbox 2278 517 2606 590; x_wconf 85' lang='lat' dir='ltr'><strong>meridia-</strong></span> 
     </span>
     <span class='ocr_line' id='line_1_4' title="bbox 600 619 2608 716; baseline -0.003 -21"><span class='ocrx_word' id='word_1_18' title='bbox 600 645 734 695; x_wconf 85' lang='lat' dir='ltr'><strong>nas</strong></span> <span class='ocrx_word' id='word_1_19' title='bbox 759 630 1246 708; x_wconf 79' lang='lat' dir='ltr'><strong>recesserunt,</strong></span> <span class='ocrx_word' id='word_1_20' title='bbox 1299 632 1378 693; x_wconf 91' lang='lat' dir='ltr'><strong>ut</strong></span> <span class='ocrx_word' id='word_1_21' title='bbox 1427 620 1647 714; x_wconf 87' lang='lat' dir='ltr'><strong>longo</strong></span> <span class='ocrx_word' id='word_1_22' title='bbox 1699 625 1927 716; x_wconf 86' lang='lat' dir='ltr'><strong>spatio</strong></span> <span class='ocrx_word' id='word_1_23' title='bbox 1972 622 2351 709; x_wconf 83' lang='lat' dir='ltr'><strong>abessent3</strong></span> <span class='ocrx_word' id='word_1_24' title='bbox 2401 619 2608 716; x_wconf 16' lang='lat' dir='ltr'><strong>‘lacus</strong></span> 
     </span>
     <span class='ocr_line' id='line_1_5' title="bbox 606 720 2607 816; baseline -0.004 -19"><span class='ocrx_word' id='word_1_25' title='bbox 606 726 791 797; x_wconf 86' lang='lat' dir='ltr'><strong>enim</strong></span> <span class='ocrx_word' id='word_1_26' title='bbox 856 723 1182 816; x_wconf 89' lang='lat' dir='ltr'><strong>Mjorsus</strong></span> <span class='ocrx_word' id='word_1_27' title='bbox 1247 732 1458 793; x_wconf 78' lang='lat' dir='ltr'><strong>tantae</strong></span> <span class='ocrx_word' id='word_1_28' title='bbox 1528 722 2022 814; x_wconf 80' lang='lat' dir='ltr'><strong>magnitudinis</strong></span> <span class='ocrx_word' id='word_1_29' title='bbox 2076 731 2227 808; x_wconf 89' lang='lat' dir='ltr'><strong>est,</strong></span> <span class='ocrx_word' id='word_1_30' title='bbox 2293 730 2373 792; x_wconf 90' lang='lat' dir='ltr'><strong>ut</strong></span> <span class='ocrx_word' id='word_1_31' title='bbox 2432 720 2607 790; x_wconf 87' lang='lat' dir='ltr'><strong>mari</strong></span> 
     </span>
     <span class='ocr_line' id='line_1_6' title="bbox 606 822 2446 921; baseline 0.001 -28"><span class='ocrx_word' id='word_1_32' title='bbox 606 826 844 921; x_wconf 86' lang='lat' dir='ltr'><strong>(quam</strong></span> <span class='ocrx_word' id='word_1_33' title='bbox 893 822 1108 915; x_wconf 87' lang='lat' dir='ltr'><strong>lacui)</strong></span> <span class='ocrx_word' id='word_1_34' title='bbox 1157 822 1457 894; x_wconf 82' lang='lat' dir='ltr'><strong>similior</strong></span> <span class='ocrx_word' id='word_1_35' title='bbox 1510 842 1683 893; x_wconf 83' lang='lat' dir='ltr'><strong>esse</strong></span> <span class='ocrx_word' id='word_1_36' title='bbox 1732 823 2078 895; x_wconf 86' lang='lat' dir='ltr'><strong>videatur.</strong></span> <span class='ocrx_word' id='word_1_37' title='bbox 2389 844 2446 870; x_wconf 36' lang='grc' dir='ltr'><strong>’ν</strong></span> 
     </span>
    </p>

    <p class='ocr_par' dir='ltr' id='par_1_4' title="bbox 668 919 2503 1017">
     <span class='ocr_line' id='line_1_7' title="bbox 668 919 2503 1017; baseline -0.002 -22"><span class='ocrx_word' id='word_1_38' title='bbox 668 938 677 943; x_wconf 83' lang='grc'><em>·</em></span> <span class='ocrx_word' id='word_1_39' title='bbox 710 924 863 995; x_wconf 79' lang='lat' dir='ltr'><strong>Con</strong></span> <span class='ocrx_word' id='word_1_40' title='bbox 958 940 1170 995; x_wconf 66' lang='lat' dir='ltr'><strong>essm</strong></span> <span class='ocrx_word' id='word_1_41' title='bbox 1213 927 1417 1017; x_wconf 67' lang='lat' dir='ltr'><strong>reqis</strong></span> <span class='ocrx_word' id='word_1_42' title='bbox 1467 920 1855 995; x_wconf 57' lang='lat' dir='ltr'><strong>Svmmis</strong></span> <span class='ocrx_word' id='word_1_43' title='bbox 1904 941 2065 994; x_wconf 72' lang='lat' dir='ltr'><strong>cum</strong></span> <span class='ocrx_word' id='word_1_44' title='bbox 2099 919 2503 1017; x_wconf 73' lang='lat' dir='ltr'><strong>prcefectis.</strong></span> 
     </span>
    </p>

    <p class='ocr_par' dir='ltr' id='par_1_5' title="bbox 604 1021 2700 2022">
     <span class='ocr_line' id='line_1_8' title="bbox 809 1021 2607 1096; baseline -0.002 -1"><span class='ocrx_word' id='word_1_45' title='bbox 809 1025 853 1095; x_wconf 94' lang='lat'>1</span> <span class='ocrx_word' id='word_1_46' title='bbox 910 1077 927 1095; x_wconf 90' lang='lat'><strong><em>.</em></strong></span> <span class='ocrx_word' id='word_1_47' title='bbox 1026 1022 1429 1095; x_wconf 83' lang='lat' dir='ltr'><strong>Halvardus</strong></span> <span class='ocrx_word' id='word_1_48' title='bbox 1513 1021 1977 1096; x_wconf 87' lang='lat' dir='ltr'><strong>Sastadensis</strong></span> <span class='ocrx_word' id='word_1_49' title='bbox 2058 1038 2356 1094; x_wconf 84' lang='lat' dir='ltr'><strong>unacum</strong></span> <span class='ocrx_word' id='word_1_50' title='bbox 2423 1021 2607 1092; x_wconf 54' lang='lat' dir='ltr'><strong>saliis</strong></span> 
     </span>
     <span class='ocr_line' id='line_1_9' title="bbox 604 1122 2607 1220; baseline -0.001 -25"><span class='ocrx_word' id='word_1_51' title='bbox 604 1124 968 1220; x_wconf 85' lang='lat' dir='ltr'><strong>praefectis</strong></span> <span class='ocrx_word' id='word_1_52' title='bbox 1035 1124 1472 1216; x_wconf 81' lang='lat' dir='ltr'><strong>magnificum</strong></span> <span class='ocrx_word' id='word_1_53' title='bbox 1540 1127 1941 1196; x_wconf 77' lang='lat' dir='ltr'><strong>convivium</strong></span> <span class='ocrx_word' id='word_1_54' title='bbox 2007 1122 2333 1194; x_wconf 85' lang='lat' dir='ltr'><strong>Sastadis</strong></span> <span class='ocrx_word' id='word_1_55' title='bbox 2394 1143 2607 1215; x_wconf 66' lang='lat' dir='ltr'><strong>appa-⁶</strong></span> 
     </span>
     <span class='ocr_line' id='line_1_10' title="bbox 606 1218 2608 1319; baseline -0.001 -22"><span class='ocrx_word' id='word_1_56' title='bbox 606 1225 819 1312; x_wconf 86' lang='lat' dir='ltr'><strong>ravit,</strong></span> <span class='ocrx_word' id='word_1_57' title='bbox 904 1225 993 1297; x_wconf 87' lang='lat' dir='ltr'><strong>ad</strong></span> <span class='ocrx_word' id='word_1_58' title='bbox 1061 1218 1252 1319; x_wconf 88' lang='lat' dir='ltr'><strong>quod</strong></span> <span class='ocrx_word' id='word_1_59' title='bbox 1320 1233 1667 1318; x_wconf 84' lang='lat' dir='ltr'><strong>quotquot</strong></span> <span class='ocrx_word' id='word_1_60' title='bbox 1728 1225 2088 1296; x_wconf 84' lang='lat' dir='ltr'><strong>interesse·</strong></span> <span class='ocrx_word' id='word_1_61' title='bbox 2152 1221 2460 1309; x_wconf 82' lang='lat' dir='ltr'><strong>vellent,</strong></span> <span class='ocrx_word' id='word_1_62' title='bbox 2527 1231 2608 1294; x_wconf 86' lang='lat' dir='ltr'><strong>ut</strong></span> 
     </span>
     <span class='ocr_line' id='line_1_11' title="bbox 605 1316 2700 1421; baseline -0.002 -24"><span class='ocrx_word' id='word_1_63' title='bbox 605 1349 812 1421; x_wconf 83' lang='lat' dir='ltr'><strong>quam</strong></span> <span class='ocrx_word' id='word_1_64' title='bbox 861 1328 1158 1397; x_wconf 85' lang='lat' dir='ltr'><strong>maxima</strong></span> <span class='ocrx_word' id='word_1_65' title='bbox 1214 1316 1706 1395; x_wconf 80' lang='lat' dir='ltr'>celebraretur</span> <span class='ocrx_word' id='word_1_66' title='bbox 1754 1321 2192 1419; x_wconf 80' lang='lat' dir='ltr'><strong>frequentia,</strong></span> <span class='ocrx_word' id='word_1_67' title='bbox 2257 1325 2605 1410; x_wconf 82' lang='lat' dir='ltr'><strong>invitavit3</strong></span> <span class='ocrx_word' id='word_1_68' title='bbox 2696 1401 2700 1405; x_wconf 55' lang='grc'><strong>,</strong></span> 
     </span>
     <span class='ocr_line' id='line_1_12' title="bbox 608 1418 2606 1518; baseline -0.003 -19"><span class='ocrx_word' id='word_1_69' title='bbox 608 1436 764 1499; x_wconf 84' lang='lat' dir='ltr'><strong>erat</strong></span> <span class='ocrx_word' id='word_1_70' title='bbox 815 1431 1000 1498; x_wconf 90' lang='lat' dir='ltr'><strong>enim</strong></span> <span class='ocrx_word' id='word_1_71' title='bbox 1051 1418 1311 1496; x_wconf 81' lang='lat' dir='ltr'><strong>ibidem</strong></span> <span class='ocrx_word' id='word_1_72' title='bbox 1365 1445 1456 1496; x_wconf 94' lang='lat' dir='ltr'><strong>eo</strong></span> <span class='ocrx_word' id='word_1_73' title='bbox 1509 1434 1831 1518; x_wconf 88' lang='lat' dir='ltr'><strong>tempore</strong></span> <span class='ocrx_word' id='word_1_74' title='bbox 1882 1424 2135 1496; x_wconf 82' lang='lat' dir='ltr'><strong>natalis</strong></span> <span class='ocrx_word' id='word_1_75' title='bbox 2172 1422 2416 1518; x_wconf 86' lang='lat' dir='ltr'><strong>templi</strong></span> <span class='ocrx_word' id='word_1_76' title='bbox 2447 1423 2606 1494; x_wconf 87' lang='lat' dir='ltr'><strong>dies</strong></span> 
     </span>
     <span class='ocr_line' id='line_1_13' title="bbox 608 1524 2609 1616; baseline -0.003 -16"><span class='ocrx_word' id='word_1_77' title='bbox 608 1526 1104 1600; x_wconf 77' lang='lat' dir='ltr'><strong>celebrandus.</strong></span> <span class='ocrx_word' id='word_1_78' title='bbox 1240 1524 1373 1596; x_wconf 83' lang='lat' dir='ltr'><strong>Cui</strong></span> <span class='ocrx_word' id='word_1_79' title='bbox 1455 1526 1786 1597; x_wconf 79' lang='lat' dir='ltr'><strong>convivio</strong></span> <span class='ocrx_word' id='word_1_80' title='bbox 1860 1528 2163 1597; x_wconf 81' lang='lat' dir='ltr'><strong>trecenti</strong></span> <span class='ocrx_word' id='word_1_81' title='bbox 2233 1527 2609 1616; x_wconf 76' lang='lat' dir='ltr'><strong>sexaginta</strong></span> 
     </span>
     <span class='ocr_line' id='line_1_14' title="bbox 606 1625 2607 1719; baseline -0.003 -18"><span class='ocrx_word' id='word_1_82' title='bbox 606 1628 935 1701; x_wconf 82' lang='lat' dir='ltr'><strong>homines</strong></span> <span class='ocrx_word' id='word_1_83' title='bbox 984 1631 1402 1703; x_wconf 83' lang='lat' dir='ltr'><strong>intererant:</strong></span> <span class='ocrx_word' id='word_1_84' title='bbox 1475 1635 1551 1696; x_wconf 91' lang='lat' dir='ltr'><strong>et</strong></span> <span class='ocrx_word' id='word_1_85' title='bbox 1611 1635 1844 1697; x_wconf 85' lang='lat' dir='ltr'><strong>tamen</strong></span> <span class='ocrx_word' id='word_1_86' title='bbox 1903 1625 2156 1719; x_wconf 89' lang='lat' dir='ltr'><strong>plures</strong></span> <span class='ocrx_word' id='word_1_87' title='bbox 2218 1625 2607 1710; x_wconf 84' lang='lat' dir='ltr'><strong>advenere,</strong></span> 
     </span>
     <span class='ocr_line' id='line_1_15' title="bbox 608 1723 2605 1824; baseline -0.003 -23"><span class='ocrx_word' id='word_1_88' title='bbox 608 1752 815 1824; x_wconf 83' lang='lat' dir='ltr'><strong>quam</strong></span> <span class='ocrx_word' id='word_1_89' title='bbox 883 1732 1002 1824; x_wconf 83' lang='lat' dir='ltr'><strong>qui</strong></span> <span class='ocrx_word' id='word_1_90' title='bbox 1068 1729 1333 1799; x_wconf 85' lang='lat' dir='ltr'><strong>invitati</strong></span> <span class='ocrx_word' id='word_1_91' title='bbox 1405 1735 1623 1798; x_wconf 87' lang='lat' dir='ltr'><strong>erant.</strong></span> <span class='ocrx_word' id='word_1_92' title='bbox 1736 1724 1918 1797; x_wconf 89' lang='lat' dir='ltr'><strong>Nam</strong></span> <span class='ocrx_word' id='word_1_93' title='bbox 1984 1723 2378 1797; x_wconf 87' lang='lat' dir='ltr'><strong>Birkibeini</strong></span> <span class='ocrx_word' id='word_1_94' title='bbox 2429 1745 2605 1819; x_wconf 86' lang='lat' dir='ltr'><strong>quo-</strong></span> 
     </span>
     <span class='ocr_line' id='line_1_16' title="bbox 608 1825 2605 1924; baseline -0.002 -25"><span class='ocrx_word' id='word_1_95' title='bbox 608 1850 751 1924; x_wconf 87' lang='lat' dir='ltr'><strong>que</strong></span> <span class='ocrx_word' id='word_1_96' title='bbox 819 1829 910 1899; x_wconf 91' lang='lat' dir='ltr'><strong>ad</strong></span> <span class='ocrx_word' id='word_1_97' title='bbox 980 1827 1278 1900; x_wconf 90' lang='lat' dir='ltr'><strong>natalem</strong></span> <span class='ocrx_word' id='word_1_98' title='bbox 1339 1825 1587 1919; x_wconf 91' lang='lat' dir='ltr'><strong>templi</strong></span> <span class='ocrx_word' id='word_1_99' title='bbox 1639 1825 1826 1914; x_wconf 82' lang='lat' dir='ltr'><strong>diem</strong></span> <span class='ocrx_word' id='word_1_100' title='bbox 1878 1825 2379 1898; x_wconf 85' lang='lat' dir='ltr'><strong>celebrandum</strong></span> <span class='ocrx_word' id='word_1_101' title='bbox 2433 1825 2605 1896; x_wconf 86' lang='lat' dir='ltr'><strong>ade-</strong></span> 
     </span>
     <span class='ocr_line' id='line_1_17' title="bbox 607 1925 2698 2022; baseline -0.002 -22"><span class='ocrx_word' id='word_1_102' title='bbox 607 1938 785 2016; x_wconf 87' lang='lat' dir='ltr'><strong>rant,</strong></span> <span class='ocrx_word' id='word_1_103' title='bbox 834 1938 1046 2022; x_wconf 84' lang='lat' dir='ltr'><strong>atque</strong></span> <span class='ocrx_word' id='word_1_104' title='bbox 1097 1938 1237 1999; x_wconf 91' lang='lat' dir='ltr'><strong>tum</strong></span> <span class='ocrx_word' id='word_1_105' title='bbox 1292 1946 1379 1997; x_wconf 90' lang='lat' dir='ltr'><strong>se</strong></span> <span class='ocrx_word' id='word_1_106' title='bbox 1428 1926 1523 1997; x_wconf 91' lang='lat' dir='ltr'><strong>ad</strong></span> <span class='ocrx_word' id='word_1_107' title='bbox 1572 1925 1888 2019; x_wconf 84' lang='lat' dir='ltr'><strong>praelium</strong></span> <span class='ocrx_word' id='word_1_108' title='bbox 1940 1936 2279 2021; x_wconf 87' lang='lat' dir='ltr'><strong>pararant.</strong></span> <span class='ocrx_word' id='word_1_109' title='bbox 2359 1925 2605 2021; x_wconf 84' lang='lat' dir='ltr'><strong>Itaque</strong></span> <span class='ocrx_word' id='word_1_110' title='bbox 2693 2000 2698 2005; x_wconf 65' lang='grc'>,</span> 
     </span>
    </p>
   </div>
   <div class='ocr_carea' id='block_1_4' title="bbox 548 2026 2691 2124">
    <p class='ocr_par' dir='ltr' id='par_1_6' title="bbox 548 2026 2691 2124">
     <span class='ocr_line' id='line_1_18' title="bbox 548 2026 2691 2124; baseline -0.002 -25"><span class='ocrx_word' id='word_1_111' title='bbox 548 2068 554 2075; x_wconf 95' lang='grc'>-</span> <span class='ocrx_word' id='word_1_112' title='bbox 608 2031 928 2124; x_wconf 84' lang='lat' dir='ltr'><strong>utrique,</strong></span> <span class='ocrx_word' id='word_1_113' title='bbox 997 2030 1151 2100; x_wconf 84' lang='lat' dir='ltr'><strong>acie</strong></span> <span class='ocrx_word' id='word_1_114' title='bbox 1217 2030 1595 2113; x_wconf 82' lang='lat' dir='ltr'><strong>instructa,</strong></span> <span class='ocrx_word' id='word_1_115' title='bbox 1663 2037 2177 2099; x_wconf 81' lang='lat' dir='ltr'><strong>concurrentes</strong></span> <span class='ocrx_word' id='word_1_116' title='bbox 2226 2026 2372 2099; x_wconf 87' lang='lat' dir='ltr'><strong>tela</strong></span> <span class='ocrx_word' id='word_1_117' title='bbox 2421 2030 2609 2098; x_wconf 90' lang='lat' dir='ltr'><strong>inter</strong></span> <span class='ocrx_word' id='word_1_118' title='bbox 2687 2092 2691 2095; x_wconf 20' lang='lat'><strong>⁴</strong></span> 
     </span>
    </p>
   </div>
   <div class='ocr_carea' id='block_1_5' title="bbox 608 2126 2609 2323">
    <p class='ocr_par' dir='ltr' id='par_1_7' title="bbox 608 2126 2609 2323">
     <span class='ocr_line' id='line_1_19' title="bbox 608 2126 2609 2223; baseline -0.002 -23"><span class='ocrx_word' id='word_1_119' title='bbox 608 2150 697 2200; x_wconf 88' lang='lat' dir='ltr'><strong>se</strong></span> <span class='ocrx_word' id='word_1_120' title='bbox 748 2130 1227 2223; x_wconf 85' lang='lat' dir='ltr'><strong>conjecerunt.</strong></span> <span class='ocrx_word' id='word_1_121' title='bbox 1325 2126 1489 2199; x_wconf 88' lang='lat' dir='ltr'><strong>Nec</strong></span> <span class='ocrx_word' id='word_1_122' title='bbox 1538 2148 1774 2216; x_wconf 87' lang='lat' dir='ltr'><strong>mora,</strong></span> <span class='ocrx_word' id='word_1_123' title='bbox 1839 2126 2163 2221; x_wconf 82' lang='lat' dir='ltr'><strong>praefecti</strong></span> <span class='ocrx_word' id='word_1_124' title='bbox 2230 2150 2387 2200; x_wconf 90' lang='lat' dir='ltr'><strong>cum</strong></span> <span class='ocrx_word' id='word_1_125' title='bbox 2454 2129 2609 2198; x_wconf 82' lang='lat' dir='ltr'><strong>suis</strong></span> 
     </span>
     <span class='ocr_line' id='line_1_20' title="bbox 608 2226 2608 2323; baseline -0.001 -22"><span class='ocrx_word' id='word_1_126' title='bbox 608 2228 847 2322; x_wconf 79' lang='lat' dir='ltr'><strong>fugam</strong></span> <span class='ocrx_word' id='word_1_127' title='bbox 916 2231 1495 2323; x_wconf 85' lang='lat' dir='ltr'><strong>capessiverunt,</strong></span> <span class='ocrx_word' id='word_1_128' title='bbox 1566 2237 1845 2322; x_wconf 84' lang='lat' dir='ltr'><strong>septem</strong></span> <span class='ocrx_word' id='word_1_129' title='bbox 1906 2228 2243 2300; x_wconf 85' lang='lat' dir='ltr'><strong>militibus</strong></span> <span class='ocrx_word' id='word_1_130' title='bbox 2313 2226 2608 2320; x_wconf 65' lang='lat' dir='ltr'><strong>interfe«</strong></span> 
     </span>
    </p>
   </div>
   <div class='ocr_carea' id='block_1_6' title="bbox 564 2325 2742 2530">
    <p class='ocr_par' dir='ltr' id='par_1_8' title="bbox 564 2325 2742 2530">
     <span class='ocr_line' id='line_1_21' title="bbox 609 2325 2742 2425; baseline -0.002 -23"><span class='ocrx_word' id='word_1_131' title='bbox 609 2334 785 2417; x_wconf 88' lang='lat' dir='ltr'><strong>ctis,</strong></span> <span class='ocrx_word' id='word_1_132' title='bbox 836 2332 1143 2425; x_wconf 83' lang='lat' dir='ltr'><strong>quinque</strong></span> <span class='ocrx_word' id='word_1_133' title='bbox 1195 2330 1436 2423; x_wconf 85' lang='lat' dir='ltr'><strong>captis.</strong></span> <span class='ocrx_word' id='word_1_134' title='bbox 1539 2325 1667 2398; x_wconf 88' lang='lat' dir='ltr'><strong>Sic</strong></span> <span class='ocrx_word' id='word_1_135' title='bbox 1718 2331 1837 2423; x_wconf 88' lang='lat' dir='ltr'><strong>qui</strong></span> <span class='ocrx_word' id='word_1_136' title='bbox 1887 2331 2190 2401; x_wconf 86' lang='lat' dir='ltr'><strong>invocati</strong></span> <span class='ocrx_word' id='word_1_137' title='bbox 2241 2337 2610 2413; x_wconf 80' lang='lat' dir='ltr'><strong>venerant,</strong></span> <span class='ocrx_word' id='word_1_138' title='bbox 2739 2337 2742 2340; x_wconf 82' lang='grc'><strong>’</strong></span> 
     </span>
     <span class='ocr_line' id='line_1_22' title="bbox 564 2427 2607 2530; baseline -0.002 -26"><span class='ocrx_word' id='word_1_139' title='bbox 564 2434 1029 2510; x_wconf 75' lang='lat' dir='ltr'><strong>convivium,</strong></span> <span class='ocrx_word' id='word_1_140' title='bbox 1092 2427 1454 2515; x_wconf 88' lang='lat' dir='ltr'><strong>obierunt,</strong></span> <span class='ocrx_word' id='word_1_141' title='bbox 1529 2432 1656 2523; x_wconf 54' lang='lat' dir='ltr'><strong>*qui</strong></span> <span class='ocrx_word' id='word_1_142' title='bbox 1719 2430 2189 2530; x_wconf 80' lang='lat' dir='ltr'><strong>apparandum</strong></span> <span class='ocrx_word' id='word_1_143' title='bbox 2258 2437 2607 2514; x_wconf 89' lang='lat' dir='ltr'><strong>curarant,</strong></span> 
     </span>
    </p>
   </div>
   <div class='ocr_carea' id='block_1_7' title="bbox 608 2526 2652 2726">
    <p class='ocr_par' dir='ltr' id='par_1_9' title="bbox 608 2526 2652 2726">
     <span class='ocr_line' id='line_1_23' title="bbox 611 2526 2608 2627; baseline -0.002 -23"><span class='ocrx_word' id='word_1_144' title='bbox 611 2531 893 2627; x_wconf 80' lang='lat' dir='ltr'><strong>expulsi</strong></span> <span class='ocrx_word' id='word_1_145' title='bbox 943 2540 1127 2605; x_wconf 88' lang='lat' dir='ltr'><strong>sunt.</strong></span> <span class='ocrx_word' id='word_1_146' title='bbox 1225 2529 1318 2603; x_wconf 89' lang='lat' dir='ltr'><strong>Hi</strong></span> <span class='ocrx_word' id='word_1_147' title='bbox 1369 2530 1457 2601; x_wconf 92' lang='lat' dir='ltr'><strong>ad</strong></span> <span class='ocrx_word' id='word_1_148' title='bbox 1507 2526 1803 2601; x_wconf 89' lang='lat' dir='ltr'><strong>Ormum</strong></span> <span class='ocrx_word' id='word_1_149' title='bbox 1852 2534 2049 2624; x_wconf 87' lang='lat' dir='ltr'><strong>regis</strong></span> <span class='ocrx_word' id='word_1_150' title='bbox 2097 2530 2383 2602; x_wconf 83' lang='lat' dir='ltr'><strong>fratrem</strong></span> <span class='ocrx_word' id='word_1_151' title='bbox 2439 2529 2608 2622; x_wconf 82' lang='lat' dir='ltr'><strong>fuga</strong></span> 
     </span>
     <span class='ocr_line' id='line_1_24' title="bbox 608 2629 2652 2726; baseline -0.002 -21"><span class='ocrx_word' id='word_1_152' title='bbox 608 2654 697 2705; x_wconf 89' lang='lat' dir='ltr'><strong>se</strong></span> <span class='ocrx_word' id='word_1_153' title='bbox 762 2642 1231 2726; x_wconf 90' lang='lat' dir='ltr'><strong>receperunt,</strong></span> <span class='ocrx_word' id='word_1_154' title='bbox 1307 2633 1416 2701; x_wconf 88' lang='lat' dir='ltr'><strong>rci</strong></span> <span class='ocrx_word' id='word_1_155' title='bbox 1488 2634 1755 2703; x_wconf 87' lang='lat' dir='ltr'><strong>exitum</strong></span> <span class='ocrx_word' id='word_1_156' title='bbox 1832 2652 2071 2724; x_wconf 90' lang='lat' dir='ltr'><strong>parum</strong></span> <span class='ocrx_word' id='word_1_157' title='bbox 2141 2629 2652 2702; x_wconf 87' lang='lat' dir='ltr'><strong>honorificum.</strong></span> 
     </span>
    </p>
   </div>
   <div class='ocr_carea' id='block_1_8' title="bbox 608 2728 2740 2826">
    <p class='ocr_par' dir='ltr' id='par_1_10' title="bbox 608 2728 2740 2826">
     <span class='ocr_line' id='line_1_25' title="bbox 608 2728 2740 2826; baseline -0.003 -21"><span class='ocrx_word' id='word_1_158' title='bbox 608 2742 1158 2826; x_wconf 78' lang='lat' dir='ltr'><strong>conquerentes,</strong></span> <span class='ocrx_word' id='word_1_159' title='bbox 1256 2730 1451 2801; x_wconf 90' lang='lat' dir='ltr'><strong>Dein</strong></span> <span class='ocrx_word' id='word_1_160' title='bbox 1497 2749 1633 2801; x_wconf 87' lang='lat' dir='ltr'><strong>rex</strong></span> <span class='ocrx_word' id='word_1_161' title='bbox 1673 2728 1987 2803; x_wconf 87' lang='lat' dir='ltr'><strong>Sverrer</strong></span> <span class='ocrx_word' id='word_1_162' title='bbox 2016 2753 2057 2801; x_wconf 90' lang='lat' dir='ltr'><strong>a</strong></span> <span class='ocrx_word' id='word_1_163' title='bbox 2088 2733 2402 2824; x_wconf 81' lang='lat' dir='ltr'><strong>captiviS,</strong></span> <span class='ocrx_word' id='word_1_164' title='bbox 2453 2733 2606 2825; x_wconf 86' lang='lat' dir='ltr'><strong>qui·</strong></span> <span class='ocrx_word' id='word_1_165' title='bbox 2727 2781 2740 2788; x_wconf 20' lang='grc' dir='ltr'>κ</span> 
     </span>
    </p>
   </div>
   <div class='ocr_carea' id='block_1_9' title="bbox 606 2828 2606 2924">
    <p class='ocr_par' dir='ltr' id='par_1_11' title="bbox 606 2828 2606 2924">
     <span class='ocr_line' id='line_1_26' title="bbox 606 2828 2606 2924; baseline -0.001 -21"><span class='ocrx_word' id='word_1_166' title='bbox 606 2831 747 2903; x_wconf 85' lang='lat' dir='ltr'><strong>bus</strong></span> <span class='ocrx_word' id='word_1_167' title='bbox 808 2831 991 2904; x_wconf 89' lang='lat' dir='ltr'><strong>locis</strong></span> <span class='ocrx_word' id='word_1_168' title='bbox 1055 2852 1283 2903; x_wconf 90' lang='lat' dir='ltr'><strong>naves</strong></span> <span class='ocrx_word' id='word_1_169' title='bbox 1333 2828 1638 2902; x_wconf 88' lang='lat' dir='ltr'><strong>hostium</strong></span> <span class='ocrx_word' id='word_1_170' title='bbox 1693 2830 2064 2903; x_wconf 83' lang='lat' dir='ltr'><strong>occultatae</strong></span> <span class='ocrx_word' id='word_1_171' title='bbox 2118 2840 2406 2919; x_wconf 87' lang='lat' dir='ltr'><strong>essent,</strong></span> <span class='ocrx_word' id='word_1_172' title='bbox 2476 2851 2606 2924; x_wconf 79' lang='lat' dir='ltr'><strong>ex-</strong></span> 
     </span>
    </p>
   </div>
   <div class='ocr_carea' id='block_1_10' title="bbox 483 2930 2608 3032">
    <p class='ocr_par' dir='ltr' id='par_1_12' title="bbox 483 2930 2608 3032">
     <span class='ocr_line' id='line_1_27' title="bbox 483 2930 2608 3032; baseline -0.001 -28"><span class='ocrx_word' id='word_1_173' title='bbox 483 2999 505 3017; x_wconf 72' lang='lat'>„</span> <span class='ocrx_word' id='word_1_174' title='bbox 608 2934 795 3028; x_wconf 83' lang='lat' dir='ltr'><strong>quiri</strong></span> <span class='ocrx_word' id='word_1_175' title='bbox 835 2935 1084 3025; x_wconf 83' lang='lat' dir='ltr'><strong>jussit3</strong></span> <span class='ocrx_word' id='word_1_176' title='bbox 1136 2930 1659 3026; x_wconf 81' lang='lat' dir='ltr'><strong>quo-indicato,</strong></span> <span class='ocrx_word' id='word_1_177' title='bbox 1712 2952 1961 3003; x_wconf 88' lang='lat' dir='ltr'><strong>omnes</strong></span> <span class='ocrx_word' id='word_1_178' title='bbox 2012 2953 2173 3027; x_wconf 86' lang='lat' dir='ltr'><strong>quae</strong></span> <span class='ocrx_word' id='word_1_179' title='bbox 2222 2935 2292 3032; x_wconf 83' lang='lat' dir='ltr'><strong>in</strong></span> <span class='ocrx_word' id='word_1_180' title='bbox 2320 2932 2608 3024; x_wconf 88' lang='lat' dir='ltr'><strong>Mjorso</strong></span> 
     </span>
    </p>
   </div>
   <div class='ocr_carea' id='block_1_11' title="bbox 605 3034 2608 3632">
    <p class='ocr_par' dir='ltr' id='par_1_13' title="bbox 605 3034 2608 3632">
     <span class='ocr_line' id='line_1_28' title="bbox 609 3034 2607 3126; baseline -0.001 -23"><span class='ocrx_word' id='word_1_181' title='bbox 609 3043 814 3105; x_wconf 86' lang='lat' dir='ltr'><strong>erant</strong></span> <span class='ocrx_word' id='word_1_182' title='bbox 861 3052 1126 3120; x_wconf 90' lang='lat' dir='ltr'><strong>naves,</strong></span> <span class='ocrx_word' id='word_1_183' title='bbox 1174 3042 1313 3104; x_wconf 85' lang='lat' dir='ltr'><strong>tam</strong></span> <span class='ocrx_word' id='word_1_184' title='bbox 1365 3034 1673 3126; x_wconf 71' lang='lat' dir='ltr'><strong>majores</strong></span> <span class='ocrx_word' id='word_1_185' title='bbox 1725 3054 1927 3126; x_wconf 87' lang='lat' dir='ltr'><strong>quam</strong></span> <span class='ocrx_word' id='word_1_186' title='bbox 1982 3037 2329 3118; x_wconf 79' lang='lat' dir='ltr'><strong>minoreS,</strong></span> <span class='ocrx_word' id='word_1_187' title='bbox 2396 3035 2607 3123; x_wconf 77' lang='lat' dir='ltr'><strong>cepit.</strong></span> 
     </span>
     <span class='ocr_line' id='line_1_29' title="bbox 605 3132 2607 3227; baseline -0.001 -23"><span class='ocrx_word' id='word_1_188' title='bbox 605 3132 763 3207; x_wconf 48' lang='lat' dir='ltr'><strong>Hic¹</strong></span> <span class='ocrx_word' id='word_1_189' title='bbox 809 3155 985 3205; x_wconf 88' lang='lat' dir='ltr'><strong>cum·</strong></span> <span class='ocrx_word' id='word_1_190' title='bbox 1035 3136 1340 3206; x_wconf 89' lang='lat' dir='ltr'><strong>omnium</strong></span> <span class='ocrx_word' id='word_1_191' title='bbox 1404 3132 1943 3227; x_wconf 78' lang='lat' dir='ltr'><strong>praefectorum,</strong></span> <span class='ocrx_word' id='word_1_192' title='bbox 2029 3145 2418 3227; x_wconf 85' lang='lat' dir='ltr'><strong>eorumque</strong></span> <span class='ocrx_word' id='word_1_193' title='bbox 2485 3134 2607 3226; x_wconf 78' lang='lat' dir='ltr'><strong>qui</strong></span> 
     </span>
     <span class='ocr_line' id='line_1_30' title="bbox 607 3233 2606 3328; baseline -0.002 -23"><span class='ocrx_word' id='word_1_194' title='bbox 607 3234 1050 3328; x_wconf 82' lang='lat' dir='ltr'><strong>aufugerant,</strong></span> <span class='ocrx_word' id='word_1_195' title='bbox 1099 3233 1331 3323; x_wconf 87' lang='lat' dir='ltr'><strong>bonis,</strong></span> <span class='ocrx_word' id='word_1_196' title='bbox 1378 3243 1523 3305; x_wconf 88' lang='lat' dir='ltr'><strong>tum</strong></span> <span class='ocrx_word' id='word_1_197' title='bbox 1570 3237 1779 3305; x_wconf 90' lang='lat' dir='ltr'><strong>etiam</strong></span> <span class='ocrx_word' id='word_1_198' title='bbox 1823 3234 2149 3306; x_wconf 89' lang='lat' dir='ltr'><strong>omnibus</strong></span> <span class='ocrx_word' id='word_1_199' title='bbox 2177 3233 2606 3328; x_wconf 80' lang='lat' dir='ltr'><strong>praediorum</strong></span> 
     </span>
     <span class='ocr_line' id='line_1_31' title="bbox 607 3332 2607 3429; baseline -0.002 -23"><span class='ocrx_word' id='word_1_200' title='bbox 607 3336 1104 3422; x_wconf 80' lang='lat' dir='ltr'><strong>mercedibuS,</strong></span> <span class='ocrx_word' id='word_1_201' title='bbox 1162 3357 1339 3429; x_wconf 88' lang='lat' dir='ltr'><strong>quas</strong></span> <span class='ocrx_word' id='word_1_202' title='bbox 1389 3355 1525 3406; x_wconf 87' lang='lat' dir='ltr'><strong>rex</strong></span> <span class='ocrx_word' id='word_1_203' title='bbox 1575 3335 1889 3427; x_wconf 88' lang='lat' dir='ltr'><strong>Magnus</strong></span> <span class='ocrx_word' id='word_1_204' title='bbox 1938 3333 2428 3429; x_wconf 86' lang='lat' dir='ltr'><strong>Erling-usque</strong></span> <span class='ocrx_word' id='word_1_205' title='bbox 2476 3332 2607 3425; x_wconf 86' lang='lat' dir='ltr'><strong>dy-</strong></span> 
     </span>
     <span class='ocr_line' id='line_1_32' title="bbox 609 3432 2607 3527; baseline -0.003 -21"><span class='ocrx_word' id='word_1_206' title='bbox 609 3445 810 3506; x_wconf 87' lang='lat' dir='ltr'><strong>nasta</strong></span> <span class='ocrx_word' id='word_1_207' title='bbox 875 3435 1012 3507; x_wconf 86' lang='lat' dir='ltr'><strong>sibi</strong></span> <span class='ocrx_word' id='word_1_208' title='bbox 1079 3439 1575 3519; x_wconf 87' lang='lat' dir='ltr'><strong>reservarant,</strong></span> <span class='ocrx_word' id='word_1_209' title='bbox 1659 3437 1924 3527; x_wconf 86' lang='lat' dir='ltr'><strong>potitus</strong></span> <span class='ocrx_word' id='word_1_210' title='bbox 1993 3443 2178 3505; x_wconf 54' lang='lat' dir='ltr'><strong>estu</strong></span> <span class='ocrx_word' id='word_1_211' title='bbox 2241 3432 2404 3505; x_wconf 87' lang='lat' dir='ltr'><strong>Jam</strong></span> <span class='ocrx_word' id='word_1_212' title='bbox 2472 3453 2607 3504; x_wconf 84' lang='lat' dir='ltr'><strong>rex</strong></span> 
     </span>
     <span class='ocr_line' id='line_1_33' title="bbox 610 3531 2608 3632; baseline -0.001 -27"><span class='ocrx_word' id='word_1_213' title='bbox 610 3534 928 3607; x_wconf 86' lang='lat' dir='ltr'><strong>Sverrer</strong></span> <span class='ocrx_word' id='word_1_214' title='bbox 991 3544 1140 3606; x_wconf 88' lang='lat' dir='ltr'><strong>tota</strong></span> <span class='ocrx_word' id='word_1_215' title='bbox 1186 3532 1515 3632; x_wconf 62' lang='lat' dir='ltr'><strong>Upljmda</strong></span> <span class='ocrx_word' id='word_1_216' title='bbox 1547 3544 1641 3605; x_wconf 67' lang='lat' dir='ltr'><strong>,et</strong></span> <span class='ocrx_word' id='word_1_217' title='bbox 1687 3532 1941 3606; x_wconf 89' lang='lat' dir='ltr'><strong>Valles</strong></span> <span class='ocrx_word' id='word_1_218' title='bbox 1990 3531 2403 3606; x_wconf 88' lang='lat' dir='ltr'><strong>Orientales</strong></span> <span class='ocrx_word' id='word_1_219' title='bbox 2452 3554 2608 3605; x_wconf 84' lang='lat' dir='ltr'><strong>suae</strong></span> 
     </span>
    </p>
   </div>
   <div class='ocr_carea' id='block_1_12' title="bbox 590 3634 2608 3729">
    <p class='ocr_par' dir='ltr' id='par_1_14' title="bbox 590 3634 2608 3729">
     <span class='ocr_line' id='line_1_34' title="bbox 590 3634 2608 3729; baseline -0.002 -22"><span class='ocrx_word' id='word_1_220' title='bbox 590 3635 896 3711; x_wconf 77' lang='lat' dir='ltr'><strong>&#39;ditionis</strong></span> <span class='ocrx_word' id='word_1_221' title='bbox 947 3634 1254 3723; x_wconf 82' lang='lat' dir='ltr'><strong>fecerat3</strong></span> <span class='ocrx_word' id='word_1_222' title='bbox 1309 3654 1736 3729; x_wconf 83' lang='lat' dir='ltr'><strong>eorumque,</strong></span> <span class='ocrx_word' id='word_1_223' title='bbox 1802 3637 1923 3728; x_wconf 84' lang='lat' dir='ltr'><strong>qui</strong></span> <span class='ocrx_word' id='word_1_224' title='bbox 1977 3638 2134 3729; x_wconf 80' lang='lat' dir='ltr'><strong>eJus</strong></span> <span class='ocrx_word' id='word_1_225' title='bbox 2185 3634 2407 3706; x_wconf 85' lang='lat' dir='ltr'><strong>rebus</strong></span> <span class='ocrx_word' id='word_1_226' title='bbox 2456 3643 2608 3705; x_wconf 53' lang='lat' dir='ltr'><strong>stu-a</strong></span> 
     </span>
    </p>
   </div>
   <div class='ocr_carea' id='block_1_13' title="bbox 609 3734 2607 4031">
    <p class='ocr_par' dir='ltr' id='par_1_15' title="bbox 609 3734 2607 4031">
     <span class='ocr_line' id='line_1_35' title="bbox 613 3734 2607 3831; baseline -0.002 -24"><span class='ocrx_word' id='word_1_227' title='bbox 613 3736 895 3822; x_wconf 84' lang='lat' dir='ltr'><strong>debant,</strong></span> <span class='ocrx_word' id='word_1_228' title='bbox 945 3735 1256 3807; x_wconf 92' lang='lat' dir='ltr'><strong>conditio</strong></span> <span class='ocrx_word' id='word_1_229' title='bbox 1294 3737 1364 3806; x_wconf 89' lang='lat' dir='ltr'><strong>in</strong></span> <span class='ocrx_word' id='word_1_230' title='bbox 1404 3734 1565 3831; x_wconf 77' lang='lat' dir='ltr'><strong>dies</strong></span> <span class='ocrx_word' id='word_1_231' title='bbox 1598 3734 1854 3815; x_wconf 87' lang='lat' dir='ltr'><strong>melior</strong></span> <span class='ocrx_word' id='word_1_232' title='bbox 1886 3734 2038 3822; x_wconf 81' lang='lat' dir='ltr'><strong>fuit,</strong></span> <span class='ocrx_word' id='word_1_233' title='bbox 2090 3757 2295 3829; x_wconf 85' lang='lat' dir='ltr'><strong>qnam</strong></span> <span class='ocrx_word' id='word_1_234' title='bbox 2335 3744 2607 3820; x_wconf 84' lang='lat' dir='ltr'><strong>eorum,</strong></span> 
     </span>
     <span class='ocr_line' id='line_1_36' title="bbox 609 3834 2607 3930; baseline -0.001 -23"><span class='ocrx_word' id='word_1_235' title='bbox 609 3840 730 3930; x_wconf 88' lang='lat' dir='ltr'><strong>qui</strong></span> <span class='ocrx_word' id='word_1_236' title='bbox 781 3839 1076 3908; x_wconf 89' lang='lat' dir='ltr'><strong>animum</strong></span> <span class='ocrx_word' id='word_1_237' title='bbox 1128 3835 1216 3907; x_wconf 88' lang='lat' dir='ltr'><strong>ab</strong></span> <span class='ocrx_word' id='word_1_238' title='bbox 1271 3855 1362 3907; x_wconf 92' lang='lat' dir='ltr'><strong>eo</strong></span> <span class='ocrx_word' id='word_1_239' title='bbox 1413 3834 1852 3907; x_wconf 86' lang='lat' dir='ltr'><strong>avertebant.</strong></span> <span class='ocrx_word' id='word_1_240' title='bbox 1952 3835 2223 3928; x_wconf 80' lang='lat' dir='ltr'><strong>Quare,</strong></span> <span class='ocrx_word' id='word_1_241' title='bbox 2275 3856 2418 3930; x_wconf 82' lang='lat' dir='ltr'><strong>quo</strong></span> <span class='ocrx_word' id='word_1_242' title='bbox 2465 3855 2607 3905; x_wconf 81' lang='lat' dir='ltr'><strong>ma-</strong></span> 
     </span>
     <span class='ocr_line' id='line_1_37' title="bbox 611 3935 2607 4031; baseline -0.001 -25"><span class='ocrx_word' id='word_1_243' title='bbox 611 3939 726 4028; x_wconf 87' lang='lat' dir='ltr'><strong>gis</strong></span> <span class='ocrx_word' id='word_1_244' title='bbox 776 3935 1198 4031; x_wconf 86' lang='lat' dir='ltr'><strong>apparebat,</strong></span> <span class='ocrx_word' id='word_1_245' title='bbox 1266 3942 1424 4031; x_wconf 89' lang='lat' dir='ltr'><strong>ejus</strong></span> <span class='ocrx_word' id='word_1_246' title='bbox 1489 3957 1669 4030; x_wconf 90' lang='lat' dir='ltr'><strong>opes</strong></span> <span class='ocrx_word' id='word_1_247' title='bbox 1733 3957 1876 4007; x_wconf 87' lang='lat' dir='ltr'><strong>non</strong></span> <span class='ocrx_word' id='word_1_248' title='bbox 1938 3946 2076 4016; x_wconf 82' lang='lat' dir='ltr'><strong>tam</strong></span> <span class='ocrx_word' id='word_1_249' title='bbox 2128 3936 2607 4028; x_wconf 84' lang='lat' dir='ltr'><strong>magnitudine</strong></span> 
     </span>
    </p>
   </div>
   <div class='ocr_carea' id='block_1_14' title="bbox 495 4034 2608 4132">
    <p class='ocr_par' dir='ltr' id='par_1_16' title="bbox 495 4034 2608 4132">
     <span class='ocr_line' id='line_1_38' title="bbox 495 4034 2608 4132; baseline -0 -25"><span class='ocrx_word' id='word_1_250' title='bbox 495 4072 501 4076; x_wconf 93' lang='lat'>·</span> <span class='ocrx_word' id='word_1_251' title='bbox 611 4039 969 4131; x_wconf 90' lang='lat' dir='ltr'><strong>copiarum</strong></span> <span class='ocrx_word' id='word_1_252' title='bbox 990 4089 1012 4123; x_wconf 88' lang='lat'><strong>,</strong></span> <span class='ocrx_word' id='word_1_253' title='bbox 1079 4041 1285 4132; x_wconf 78' lang='lat' dir='ltr'><strong>quam</strong></span> <span class='ocrx_word' id='word_1_254' title='bbox 1352 4036 1814 4108; x_wconf 87' lang='lat' dir='ltr'><strong>consiliorum</strong></span> <span class='ocrx_word' id='word_1_255' title='bbox 1878 4034 2174 4108; x_wconf 78' lang='lat' dir='ltr'><strong>solertia</strong></span> <span class='ocrx_word' id='word_1_256' title='bbox 2241 4056 2608 4121; x_wconf 80' lang='lat' dir='ltr'><strong>crescere,</strong></span> 
     </span>
    </p>
   </div>
   <div class='ocr_carea' id='block_1_15' title="bbox 615 4136 2606 4234">
    <p class='ocr_par' dir='ltr' id='par_1_17' title="bbox 615 4136 2606 4234">
     <span class='ocr_line' id='line_1_39' title="bbox 615 4136 2606 4234; baseline -0.001 -26"><span class='ocrx_word' id='word_1_257' title='bbox 615 4157 706 4209; x_wconf 94' lang='lat' dir='ltr'><strong>eo</strong></span> <span class='ocrx_word' id='word_1_258' title='bbox 750 4140 995 4233; x_wconf 89' lang='lat' dir='ltr'><strong>majori</strong></span> <span class='ocrx_word' id='word_1_259' title='bbox 1046 4138 1429 4234; x_wconf 83' lang='lat' dir='ltr'><strong>cupiditate</strong></span> <span class='ocrx_word' id='word_1_260' title='bbox 1481 4136 1805 4211; x_wconf 87' lang='lat' dir='ltr'><strong>homines</strong></span> <span class='ocrx_word' id='word_1_261' title='bbox 1855 4139 1925 4207; x_wconf 91' lang='lat' dir='ltr'><strong>in</strong></span> <span class='ocrx_word' id='word_1_262' title='bbox 1976 4145 2217 4233; x_wconf 87' lang='lat' dir='ltr'><strong>partes</strong></span> <span class='ocrx_word' id='word_1_263' title='bbox 2270 4140 2428 4230; x_wconf 91' lang='lat' dir='ltr'><strong>ejus</strong></span> <span class='ocrx_word' id='word_1_264' title='bbox 2467 4146 2606 4207; x_wconf 87' lang='lat' dir='ltr'><strong>tra-</strong></span> 
     </span>
    </p>
   </div>
   <div class='ocr_carea' id='block_1_16' title="bbox 2942 1490 2945 2036">
    <p class='ocr_par' dir='ltr' id='par_1_18' title="bbox 2942 1490 2945 2036">
     <span class='ocr_line' id='line_1_40' title="bbox 2942 1490 2945 2036; baseline 0 0"><span class='ocrx_word' id='word_1_265' title='bbox 2942 1490 2945 2036; x_wconf 95' lang='lat' dir='ltr'><strong> </strong></span> 
     </span>
    </p>
   </div>
  </div>
 </body>
</html>
