2950 4709
345 355 419 419 c.
442 352 505 417 6.
609 356 615 374 ·
786 353 1151 404 ms’romn
1203 353 1429 405 neers
1479 353 1920 405 ermannus.
2247 328 2349 414 ΙΙ

330 536 423 617 Ιιι
472 536 589 610 his
640 540 990 612 sacerdos
1044 521 1324 634 quidam
1377 549 1565 628 erat,
1617 542 1737 635 qui
1787 541 1857 610 ei
1903 540 2139 612 omnia
2185 559 2351 632 qnae

341 641 537 709 scire
584 639 937 732 cupiebat,
991 639 1374 732 diligenter
1400 643 1770 734 exposuit3
1825 655 1920 710 ex
1947 658 2093 736 quo
2121 635 2348 710 S'ver-

343 759 468 807 rer
493 738 934 832 intelligens,
984 763 1188 835 quam
1241 741 1725 818 adversarium
1758 740 2024 811 fratres
2073 741 2188 810 sui
2234 760 2347 808 ar-

341 837 876 932 chiepiscopum
932 842 1215 936 experti
1266 840 1608 926 fuissent,
1676 861 1917 934 parum
1969 838 2349 931 adjumenti

341 937 567 1009 rebus
634 942 787 1010 suis
854 938 941 1010 ab
1013 961 1106 1012 eo
1127 992 1147 1026 ,
1219 942 1339 1033 qui
1403 939 1743 1011 fratribus
1794 943 2015 1010 exitio
2068 936 2348 1023 fuisset,

342 1040 899 1130 exspectandum
939 1042 1227 1134 putavit.
1333 1038 1565 1131 Quam
1616 1038 1710 1111 ob
1763 1060 2046 1110 causam
2091 1041 2347 1110 itinere

341 1139 709 1209 meridiem
763 1160 1023 1212 versus
1074 1139 1355 1211 reflexo
1395 1142 1686 1233 patriam
1728 1139 2140 1233 relinquere
2176 1159 2346 1209 con-

341 1239 587 1309 stituit,
703 1238 910 1311 Nave
978 1243 1305 1311 oneraria
1369 1238 1870 1333 Tunshergum
1929 1248 2348 1331 pervectae,

339 1336 506 1407 inde
575 1342 922 1410 orientem
988 1360 1252 1412 versus
1319 1338 1720 1432 Kongelam
1785 1340 2171 1411 contendit.
2267 1336 2348 1407 In

343 1457 436 1506 eo
488 1439 741 1509 itinere
792 1460 1198 1511 sermonem
1251 1462 1409 1512 cum
1459 1443 1621 1533 ipso
1675 1439 1973 1532 dynasta
2012 1458 2346 1533 persaepe

338 1534 685 1624 hahebat,
741 1560 784 1608 a
835 1559 976 1634 quo
1006 1561 1113 1611 -se
1166 1543 1263 1611 ita
1312 1539 1558 1611 celare
1607 1543 1857 1633 potuit,
1907 1548 2009 1626 ut,
2060 1538 2226 1631 quid
2275 1541 2348 1608 in

338 1639 571 1707 animo
622 1637 926 1736 haberet
974 1643 1227 1733 quisve
1283 1649 1521 1725 esset,
1594 1641 1950 1732 expiscari
1999 1640 2347 1730 nequiret.

338 1734 560 1829 Saepe
631 1758 919 1831 quoque
989 1742 1177 1809 inter
1225 1738 1504 1810 aulicos
1554 1737 1834 1811 aliosve
1884 1740 2133 1831 regios
2181 1756 2346 1808 ver-

337 1834 649 1922 sabatur,
701 1839 959 1930 quibus
1009 1843 1109 1909 se‘
1148 1840 1335 1910 adeo
1387 1838 1679 1910 hilarem
1733 1838 2056 1932 praebuit,
2106 1845 2184 1908 ut
2232 1858 2346 1909 as·
2408 1870 2418 1881 ·

334 1935 612 2006 siduam
656 1958 698 2008 e
737 1958 1072 2009 sermone
1117 1941 1275 2031 ejus
1304 1938 1615 2027 laetitiam
1672 1948 1746 2011 et
1795 1937 2345 2011 oblectationem

338 2047 713 2128 caperent3
797 2060 978 2132 quos
1056 2059 1394 2110 sermone
1473 2061 1608 2111 suo
1672 2047 1747 2110 et
1810 2038 2182 2133 prudentia
2248 2042 2345 2108 ita

335 2140 701 2223 excussit,
751 2149 830 2208 ut
881 2139 973 2208 de
1024 2137 1268 2210 multis
1318 2138 1580 2226 rebus,
1650 2160 1869 2233 quas,
1936 2140 2134 2230 gnari
2183 2140 2345 2232 quis

339 2244 564 2322 esset,
613 2245 736 2308 aut
769 2259 1069 2330 quocum
1116 2239 1722 2335 colloquerentur,
1751 2238 2181 2333 'patefacere
2216 2259 2343 2308 no-

337 2333 683 2423 luissent,
751 2341 1019 2410 certior
1070 2338 1310 2422 ·fieret.
1408 2339 1821 2432 Diligenter
1870 2343 2166 2418 animum
2220 2338 2343 2408 ad-

332 2439 573 2520 vertit,
626 2458 715 2507 an
767 2436 1031 2531 vulgus
1080 2441 1268 2509 inter
1316 2457 1404 2509 se
1453 2440 1700 2509 verbis
1748 2442 2081 2524 variaret,
2131 2457 2345 2507 nemo

334 2537 524 2604 enim
589 2537 774 2608 dicta
842 2540 1000 2632 ejus
1050 2537 1390 2630 suspecta
1439 2536 1785 2624 hahebat,
1854 2557 1993 2608 nec
2055 2536 2222 2632 quid
2273 2539 2346 2607 in

334 2631 566 2706 animo
619 2636 1050 2722 occultaret,
1103 2637 1414 2726 sciebat3
1487 2646 1561 2708 et
1609 2637 1750 2710 hoc
1800 2635 2035 2711 solum
2084 2634 2345 2708 intelli-

334 2753 520 2824 gere
583 2739 852 2829 potuit,
928 2758 1208 2808 omnem
1274 2738 1788 2810 multitudinem
1856 2742 2016 2831 regi
2065 2737 2343 2830 Magno

334 2832 607 2905 favere.
705 2834 1042 2928 Kongela
1105 2837 1394 2925 relicta,
1459 2836 1828 2930 Ljodhusa
1875 2841 2016 2910 iter
2065 2837 2341 2910 faciens

333 2954 588 3026 magna
657 2933 1069 3008 difficultate
1123 2946 1198 3008 et
1247 2936 1495 3009 labore
1558 2938 2146 3025 conflictabatur,
2187 2946 2343 3009 tan-

336 3032 643 3128 demque
710 3038 782 3104 in
846 3034 1179 3111 Gothiam
1244 3037 1661 3110 orientalem
1728 3058 1930 3131 aegre
1995 3040 2340 3132 pervenit.

332 3128 598 3204 Tribus
625 3134 956 3207 noctibus
996 3147 1159 3208 ante
1200 3136 1459 3209 festum
1489 3136 1797 3210 Jolense
1825 3137 2103 3208 affinem
2133 3156 2341 3206 suum

332 3228 714 3325 Birgerem
762 3233 1091 3323 Brosam,
1142 3240 1263 3330 qui
1314 3239 1591 3308 amitam
1644 3239 1803 3328 ejus
1853 3234 2219 3328 Brigidam
2269 3236 2343 3304 in

331 3335 773 3404 matrimonio
826 3333 1154 3422 habehat,
1205 3335 1408 3421 adiit,
1454 3334 1710 3432 hisque
1760 3354 1999 3407 rerum
2052 3354 2343 3407 suarum

330 3434 609 3526 iniquas
675 3433 1125 3506 conditiones
1178 3440 1555 3529 exposuit3
1624 3434 1882 3534 quibus
1948 3434 2340 3529 expedien-

335 3531 447 3602 dis
498 3553 715 3604 aures
765 3556 1011 3627 parum
1076 3534 1331 3608 faciles
1381 3536 1857 3630 praebuerunt.
1959 3535 2180 3628 Cujus
2222 3536 2342 3608 rei

335 3630 606 3724 duplex
655 3654 874 3706 causa
926 3644 1118 3705 erat:
1172 3628 1332 3723 una,
1384 3636 1603 3729 quod,
1654 3657 1815 3708 cum
1858 3634 2164 3729 Eystein
2213 3654 2339 3705 co·

332 3741 590 3822 gnatus
642 3736 802 3826 eJus
853 3734 1231 3808 factionem
1280 3756 1481 3807 suam
1531 3738 1602 3805 in
1654 3739 1764 3808 eis
1796 3734 2111 3830 partibus
2143 3736 2338 3806 exci-

326 3839 584 3917 tasset,
635 3832 902 3906 nullum
956 3833 1191 3921 alium,
1243 3834 1408 3907 dum
1455 3837 1761 3922 viveret,
1811 3834 2067 3929 opibus
2093 3833 2338 3906 suble·

327 3950 508 4001 vare
562 3931 982 4022 voluerunt3
1051 3934 1301 4020 altera,
1353 3935 1545 4028 quod
1600 3936 1690 4007 ad
1740 3954 1956 4007 aures
2005 3932 2337 4027 Bit-geris

328 4041 784 4122 pervenerat,
836 4055 996 4105 eum
1047 4033 1333 4105 ludibrii
1384 4054 1566 4126 ergo
1614 4035 1703 4106 ab
1757 4034 2057 4129 Erlingo
2112 4035 2336 4128 dyna-

333 4139 444 4200 sta
498 4152 592 4201 eo
642 4135 936 4207 missum
989 4155 1183 4207 esse.
1283 4132 1445 4207 Hoc
1494 4133 1659 4207 loco
1708 4132 2027 4208 Sverrer
2073 4132 2337 4206 festum
