2950 4709
612 357 801 456 ω
1041 381 1431 437 marona*
1455 380 1684 433 nnete
1731 350 2176 433 armannum.
2266 373 2343 444 ο,
2366 371 2638 446 12223,

616 595 745 649 rer
776 575 1152 647 orientem
1202 555 1468 642 versus
1517 566 1611 640 ad
1668 565 2191 664 insequendum
2239 565 2646 662 sigurdum-

619 674 946 770 dynastae
995 669 1213 744 filium
1260 667 1632 764 profectus
1684 677 1833 755 est,
1906 668 2246 763 reliquias
2296 668 2632 745 factionis

619 769 1118 870 dispersurus,
1186 791 1421 866 eoque
1483 788 1664 842 vere
1715 766 2125 862 Kongelam
2177 775 2428 865 usque
2460 792 2634 864 per-

615 876 862 950 tendit.
961 867 1165 945 Tunc
1217 892 1310 943 eo
1359 869 1651 943 advenit
1697 868 1986 962 legatus
2019 892 2063 941 a
2088 867 2290 964 Papa
2337 873 2635 961 missus,

620 973 925 1072 ejusque
977 977 1279 1047 comites
1298 1024 1320 1060 ,
1386 992 1573 1069 quos
1620 991 1757 1043 rex
1807 967 2123 1042 Sverrer
2168 970 2261 1042 ad
2311 991 2399 1043 se
2449 973 2644 1044 invi·

617 1080 828 1162 tavit,
892 1073 1346 1169 legatumque
1414 1093 1549 1167 per
1609 1069 1883 1166 aliquot
1942 1071 2102 1143 dies
2150 1092 2423 1143 mensae
2473 1093 2636 1144 suae

617 1175 951 1251 adhibuit.
1054 1171 1202 1265 Qui
1251 1195 1409 1244 cum
1465 1171 1559 1243 de
1609 1171 1853 1243 multis
1891 1171 2115 1243 rehus
2151 1174 2339 1242 inter
2364 1193 2451 1244 se
2487 1173 2636 1245 dis-

618 1282 979 1361 sererent,
1030 1293 1162 1344 rex
1213 1294 1257 1343 a
1309 1271 1558 1364 legato
1607 1271 1833 1365 petiit,
1885 1280 1967 1344 ut
2010 1292 2099 1344 se
2146 1293 2396 1365 regem
2432 1271 2646 1345 inan?

619 1382 917 1472 guraret
968 1382 1044 1446 et
1091 1379 1512 1460 coronaret3
1565 1374 1681 1442 cui
1730 1369 2018 1465 legatus
2065 1371 2462 1470 liberaliter
2509 1393 2633 1445 re-

617 1475 927 1571 spondit,
965 1475 1424 1569 petitionique
1456 1469 1831 1543 annuebat.
1933 1469 2101 1563 Quo
2139 1476 2427 1566 cognito
2459 1494 2633 1545 con-

617 1575 807 1663 silio,
857 1577 1084 1647 ceteri
1132 1571 1381 1646 clerici
1431 1571 1675 1665 legato
1717 1569 2136 1664 significant,
2187 1584 2435 1665 regem
2471 1594 2634 1645 cum

499 1687 510 1704 ·
618 1676 1167 1770 archiepiscopo
1205 1673 1593 1761 dissidere,
1645 1672 1972 1767 huncque
2027 1693 2120 1744 ex
2167 1674 2351 1745 sede
2385 1672 2638 1745 cathe-

621 1774 803 1850 drali
856 1776 1210 1869 dejectum
1265 1794 1474 1863 esse-3
1527 1772 1918 1860 hortantur,
1969 1793 2061 1843 ne
2113 1772 2280 1845 huic
2316 1777 2423 1844 rei
2460 1795 2633 1846 con-

619 1876 903 1961 sentiat,
953 1882 1367 1961 causanteS,
1418 1876 1644 1967 primo
1695 1872 1898 1968 quod
1941 1890 2094 1944 rex·
2126 1883 2337 1946 antea
2385 1894 2633 1946 sacer·-

622 1977 820 2049 dotio
862 1976 1175 2045 initiatus
1212 1971 1448 2058 suerit,
1502 1972 1852 2060 secundo,
1905 1972 2097 2068 quod
2146 1991 2445 2045 uxorem
2501 1973 2632 2045 du-

619 2078 846 2163 xerit,
898 2095 1055 2145 cum
1109 2082 1319 2144 antea
1369 2070 1574 2143 aliam
1628 2070 1797 2165 lege
1850 2072 2292 2145 conciliatam
2342 2073 2634 2147 hahuis-

620 2185 761 2261 set,
812 2194 1102 2268 quarum
1131 2181 1434 2268 utraque
1465 2175 1776 2259 viveret3
1829 2170 2043 2245 multa
2075 2171 2213 2266 alia
2254 2173 2345 2245 ad
2379 2194 2634 2267 regem

516 2282 533 2288 ’
621 2273 1123 2348 criminandum
1192 2272 1596 2345 attulerunt.
1739 2270 2082 2345 Proxima
2146 2284 2381 2346 autem
2448 2277 2633 2361 vice,-

621 2397 783 2448 cum
833 2396 965 2446 rex
996 2371 1309 2446 Sverrer
1359 2373 1672 2466 legatum
1727 2373 1819 2444 de
1875 2374 2127 2454 eadem
2178 2396 2263 2446 re
2315 2371 2634 2470 compel-

621 2475 828 2565 laret,
881 2474 1000 2547 hic
1050 2477 1658 2567 inaugurationem
1701 2474 2107 2567 denegavit,
2159 2475 2505 2561 hortatuS‚
2555 2484 2637 2547 ut
2721 2543 2730 2549 ,

622 2597 783 2650 cum
838 2574 1383 2669 archiepiscopo
1448 2576 1521 2644 in
1585 2577 1872 2666 gratiam
1928 2575 2240 2661 rediret,
2307 2585 2451 2647 tum
2504 2571 2635 2645 de-

622 2699 809 2749 mum
882 2679 1043 2767 ejus
1119 2673 1585 2765 inaugurandi
1654 2673 1959 2746 officium
2038 2674 2175 2746 sihi
2250 2676 2635 2769 injunctum

626 2795 819 2848 esse.
918 2774 1055 2846 Hic
1090 2793 1260 2843 rex:
1312 2771 1661 2866 intelligo,
1714 2777 1920 2867 cnjus
1956 2778 2064 2846 rei
2095 2796 2315 2847 causa
2346 2778 2419 2845 in
2450 2774 2637 2846 hanc

622 2885 884 2947 terram
949 2876 1281 2958 veneris,
1346 2873 1599 2944 eadem
1666 2873 1980 2962 scilicet,
2043 2891 2188 2970 ‘qua
2256 2874 2455 2946 multi
2515 2874 2637 2947 alii

621 2977 1096 3068 impostores,
1165 2973 1285 3067 qui
1350 2971 1493 3044 huc
1559 2970 1648 3044 ah
1719 2978 1993 3047 exteris
2062 2984 2491 3069 evagantur,
2557 2983 2641 3047 nt

623 3075 969 3170 pecunias
1005 3071 1394 3159 lucrentur,
1443 3082 1524 3145 ut
1549 3075 1845 3167 primum
1877 3075 2398 3161 discesserunt,
2447 3094 2636 3147 rem·

623 3173 1007 3271 publicam·
1043 3183 1352 3246 nostram
1411 3170 1717 3246 ludihrio
1767 3174 2136 3247 hahentes.
2255 3173 2486 3267 Quam
2539 3173 2635 3246 oh

626 3297 778 3348 rem
848 3285 924 3347 te
988 3274 1125 3346 hac
1178 3284 1375 3346 terra
1441 3275 1807 3346 excedere
1863 3275 2126 3369 jubeo,
2208 3273 2384 3347 nolo
2447 3277 2636 3346 enim

623 3374 839 3469 hujus
904 3377 1134 3447 nostri
1197 3377 1407 3465 regni
1456 3376 1658 3446 cives
1707 3395 1751 3445 a
1801 3384 1876 3447 te
1929 3378 2256 3469 pecuniis
2303 3374 2636 3449 fraudari.

623 3472 810 3545 Post
857 3472 1016 3544 haec
1066 3472 1351 3564 legatus
1402 3471 1784 3545 discessit.'

791 3572 916 3654 De
974 3592 1153 3668 reye
1204 3566 1570 3642 Svmere
1618 3580 1691 3643 et
1740 3569 2058 3645 Nicolao'
2109 3577 2471 3670 episcopo.

832 3670 1004 3743 123.
1102 3669 1267 3742 Rex
1335 3668 1651 3745 Sverrer
1713 3675 1970 3744 itinere
2031 3671 2325 3746 hoream
2374 3694 2640 3747 versus

624 3776 700 3846 in
742 3770 997 3843 Vikam
1048 3792 1430 3865 converso,
1480 3774 1722 3845 missis
1769 3771 2033 3867 legatis
2057 3774 2430 3847 Nicolaum
2486 3777 2638 3868 epi-

626 3891 927 3967 scopum
978 3874 1374 3944 arcessivit.
1475 3869 1623 3963 Qui
1673 3895 1832 3964 cum
1881 3875 1974 3946 ad
2005 3895 2256 3968 regem
2286 3878 2640 3961 venisset,

627 3977 704 4045 in
751 3981 1111 4044 secretum
1165 3970 1595 4068 colloquium
1647 3976 1951 4048 seducto
2020 3978 2251 4069 aperit
2311 3996 2483 4060 rex,
2549 3993 2638 4045 se

629 4075 1010 4171 certiorem
1062 4070 1331 4144 sactum·
1374 4092 1568 4158 esse,
1621 4094 1871 4163 omnes
1921 4074 2215 4146 fraudes
2252 4081 2430 4170 quas
2464 4071 2637 4146 Hal-

630 4170 753 4244 kel
803 4192 895 4244 ac
938 4174 1053 4246 sui
1099 4171 1239 4244 sihi
1285 4171 1779 4262 intendissent,
1831 4171 1991 4267 ejus
2039 4176 2371 4247 instinctu
2407 4175 2638 4271 primo
