2950 4709
586 357 754 450 182
1006 380 1374 434 ιιιετοιιιιι
1424 379 1651 432 unam
1715 379 2154 431 ernanum.
2203 449 2216 454 q
2256 375 2331 443 c,
2366 376 2591 444 μηδ

584 571 959 660 integram·
1003 570 1295 660 gratiam
1357 565 1767 651 redierunt,
1837 574 1912 637 et
1970 562 2155 636 alter
2203 560 2413 636 alteri
2465 584 2593 636 res

584 676 1090 741 controversas
1143 668 1650 740 condonarunt.
1754 664 2059 759 Eysteiu
2107 662 2590 757 arehiepisco-

583 790 723 862 pus
770 772 1093 862 proxima
1122 778 1354 839 -noete
1422 765 1625 861 postl
1677 765 1936 837 festum
1990 762 2201 835 Pauli
2253 764 2461 851 obiit,
2516 774 2592 835 et

582 872 656 940 in
708 871 1026 941 sacrario
1059 869 1238 941 aedis
1273 867 1537 939 Christi
1588 865 1919 960 sepultus
1969 874 2101 937 est.
2198 863 2461 958 Neque
2494 867 2592 935 ita

582 968 806 1042 multo
871 978 1037 1062 post
1098 990 1232 1039 rex
1282 966 1635 1053 Sverrer,
1706 988 1748 1037 e
1816 965 2068 1037 choro-
2093 965 2273 1036 aedis
2326 963 2592 1035 Christi

585 1072 973 1141 orationem
1021 1068 1317 1155 liabenS,
1368 1067 1633 1153 retulit,
1686 1067 1852 1161 quid
1905 1068 2063 1159 ipse
2117 1076 2192 1137 et
2240 1063 2590 1157 archiepi-

582 1189 853 1261 scopus
905 1171 1091 1241 inter
1139 1190 1225 1239 se
1278 1168 1525 1240 ultimo
1578 1166 1917 1239 collocuti
1966 1165 2304 1253 fuissent3
2361 1163 2589 1236 archi-

586 1271 999 1360 episcopum
1055 1268 1322 1339 fassum
1378 1288 1591 1354 esse,
1645 1288 1732 1338 se
1789 1269 1856 1339 ei
1908 1263 2173 1359 magis,
2226 1287 2427 1359 quam
2481 1263 2590 1335 le-

584 1367 796 1460 gibus
827 1368 1078 1440 divinis
1108 1371 1545 1440 conveniens
1578 1377 1800 1454 esset,
1852 1367 2305 1444 adversatum
2334 1359 2591 1451 fuisse,

583 1488 821 1561 neque
878 1471 1103 1540 minus
1155 1468 1332 1541 alias
1383 1490 1509 1540 res
1559 1471 1629 1537 in
1682 1489 1895 1539 causa
1943 1467 2196 1552 fuisse,
2248 1465 2461 1559 quod,
2511 1472 2592 1535 ut

581 1570 718 1661 i‘psi
768 1571 995 1639 visum
1047 1569 1327 1655 suisset,
1380 1590 1666 1640 causam
1719 1571 1918 1660 regis
1946 1568 2196 1659 Magni
2238 1566 2589 1637 deserere

582 1689 727 1739 non
778 1672 1149 1762 potuisset.
1266 1670 1373 1747 Ea
1442 1658 1676 1744 hieme
1726 1667 2089 1762 Kuflungi
2132 1687 2218 1739 se
2279 1669 2355 1737 in
2403 1664 2591 1740 Vika

584 1769 1053 1844 continebant

976 1868 1101 1942 De
1160 1867 1551 1965 Kuflunqis
1598 1877 1673 1939 et
1721 1864 2198 1940 Birkibeinw.

704 1965 904 2039 108.
1018 1968 1218 2041 Vere
1281 1972 1684 2063 insequenti
1754 1983 1889 2039 rex
1957 1966 2277 2050 δῖοι-τοι·
2343 1967 2592 2059 copias

585 2088 757 2139 suas
792 2070 861 2135 in
898 2069 1425 2187 expeditionem
1462 2072 1913 2163 comparavit,
1959 2071 2377 2161 magnisque
2418 2078 2588 2136 con-

584 2170 827 2238 tractis
879 2171 1107 2262 copiis
1158 2169 1529 2240 meridiem
1579 2190 1840 2240 versus
1871 2167 2156 2261 Bel-gas
2202 2166 2590 2252 contendit,

580 2265 824 2361 ibique
888 2265 1177 2343 multum
1242 2272 1511 2344 aestatis
1576 2273 1985 2344 consumsit.
2099 2267 2369 2343 Ibidem
2424 2275 2590 2337 tuno

582 2373 926 2462 temporis
981 2369 1351 2443 concillum
1406 2379 1561 2445 erat
1609 2373 2109 2464 episcoporum
2148 2376 2586 2442 ceterorum-

582 2489 727 2562 que
796 2489 1211 2563 procerum3
1298 2473 1369 2540 in
1437 2492 1581 2565 quo
1650 2493 1831 2545 cum
1859 2467 1971 2542 de
2040 2468 2589 2562 archiepiscopo

582 2567 924 2661 eligendo
980 2573 1480 2665 disputaretur,
1527 2557 1961 2665 Eirikusque
2007 2573 2391 2666 episcopus
2423 2566 2589 2643 sta-
2599 2585 2620 2604 ⁸

580 2673 1028 2760 vaugriensis
1080 2675 1393 2744 maxime
1429 2674 1927 2756 nominaretur,
1980 2670 2171 2766 quod
2223 2669 2311 2745 ab
2357 2665 2588 2742 archi-

582 2771 929 2862 episcopo
981 2772 1331 2863 Eysteine
1379 2773 1823 2864 potissimum
1856 2770 2388 2842 commendatus
2414 2768 2589 2840 fuis·-

580 2876 721 2953 s'et,
772 2889 909 2942 rex
948 2870 1261 2943 Sverrer
1294 2869 1609 2942 nonnihil
1640 2880 1885 2945 contra
1920 2872 2115 2958 dixit,
2168 2870 2590 2958 ostendens,
2713 2959 2718 2962 j

578 2983 742 3041 enm
813 2969 905 3042 ob
975 2969 1466 3044 liberalitatem
1537 2975 1766 3044 minus
1836 2992 2007 3044 esse
2077 2971 2166 3042 ad
2235 2969 2588 3041 curandas

578 3071 921 3161 pecunias
971 3073 1323 3146 idoneum.
1443 3069 1872 3166 Complures
1924 3072 2399 3165 reponebant,
2459 3090 2586 3140 ne-

579 3189 795 3242 cesse
831 3192 1002 3244 esse
1024 3195 1184 3247 eum
1218 3174 1399 3247 sumi
1428 3173 2065 3267 archiepiscopum,
2096 3174 2211 3266 qui
2243 3172 2586 3264 pecunias

577 3267 970 3344 liberaliter
1039 3283 1415 3367 erogaret,
1486 3274 2022 3359 confirmantes,
2074 3273 2415 3364 pecunias
2463 3291 2584 3346 ca·

574 3368 857 3444 thedrae
929 3395 1074 3444 non
1127 3373 1515 3446 defuturas.
1632 3372 1949 3445 Tandem
2026 3374 2392 3447 decretum
2446 3380 2584 3456 est,

575 3477 657 3542 ut
707 3473 1095 3564 episcopus
1160 3473 1453 3568 Eirikus
1540 3474 2059 3566 designaretur,
2126 3475 2245 3567 qui
2330 3471 2585 3545 eadem

577 3577 828 3639 aestate
882 3592 1193 3664 peregre
1246 3571 1431 3647 abiit.
1535 3572 1703 3644 Rex
1754 3572 2068 3645 Sverrer
2128 3595 2285 3644 eum
2354 3574 2583 3666 copiis

579 3670 929 3739 orientem
982 3692 1244 3743 versus
1298 3675 1366 3741 in
1417 3672 1671 3749 Vikam
1724 3672 2098 3767 profectus
2153 3682 2289 3759 est,
2340 3675 2412 3745 in
2444 3694 2585 3770 quo

576 3769 832 3841 itinere
885 3793 1091 3846 unam
1144 3795 1394 3844 navem
1450 3776 1718 3860 amisit,
1782 3795 1940 3867 quae
1993 3783 2157 3846 ante
2212 3773 2466 3864 Agdas
2514 3774 2586 3845 in

578 3869 953 3962 scopulum
1040 3869 1228 3947 velis
1311 3873 1546 3949 delata
1616 3874 2046 3966 naufragium
2130 3895 2344 3968 passa
2414 3882 2584 3960 erat.

573 3966 741 4037 Rex
794 3973 1109 4046 incensis
1161 3974 1509 4066 naufragii
1578 3974 1939 4069 reliquiis,
2009 3995 2294 4045 cursum
2360 3976 2582 4044 conti-

570 4073 830 4142 nuavit.
933 4071 1270 4166 Kussnngi
1300 4072 1708 4186 Tuusbergi
1741 4098 1786 4145 v
1794 4074 2232 4160 ersabantur,
2265 4094 2584 4189 magnam

639 4197 692 4266 ⁸)
728 4215 862 4269 outo,
901 4199 961 4260 F·
