2950 4709
623 334 743 421 60
1060 357 1424 407 rus-roan
1480 355 1703 405 neers
1756 355 2193 406 svennnms.
2367 423 2376 434 ι
2419 355 2495 418 c,
2522 354 2629 420 33,

625 539 718 612 de
767 542 1135 635 utriusque
1187 542 1535 625 exercitu,
1587 542 1705 634 qui
1757 561 1968 614 arcus
2016 538 2410 627 habebant,
2458 561 2626 634 pro·

619 643 861 732 gressi
910 644 1205 733 sagittas
1258 644 1443 712 inter
1493 660 1579 711 se
1631 644 2014 728 miserunt,
2081 640 2348 735 aliquot
2404 645 2625 712 utrin-

620 761 758 834 que
807 739 1214 814 vulneratis.
1291 740 1436 811 Die
1469 739 1895 827 declinante,
1947 763 2105 812 cum
2157 762 2364 834 paene
2419 750 2627 812 esset

615 841 796 912 bora
850 840 992 912 diei
1040 844 1271 928 tertia,
1324 840 1777 933 GudlauguS,
1827 839 2012 912 aulae
2055 844 2377 912 minister
2424 845 2626 933 regis

614 938 1032 1029 Sverreris,
1094 939 1389 1013 obtento
1458 951 1668 1012 scuto
1700 939 1705 956 ¹
1736 942 1828 1012 ad
1894 950 2108 1034 caput
2166 943 2407 1035 pontis
2457 963 2624 1044 pro-

612 1061 943 1134 gressus,
996 1040 1256 1118 milites
1305 1041 1555 1134 Magni
1607 1044 1811 1133 regis
1862 1039 2297 1127 inclamavit,
2350 1041 2623 1129 dicenS,

609 1162 698 1213 se
750 1162 910 1213 cum
965 1144 1076 1212 eis
1109 1139 1306 1213 velle
1358 1142 1699 1236 colloqui,
1749 1144 1813 1213 si
1849 1140 2177 1234 praebere
2216 1162 2432 1212 aures
2466 1139 2621 1214 vel-

609 1238 777 1312 lent.
881 1240 1016 1315 Cui
1064 1240 1227 1313 Ivar
1273 1241 1601 1327 HortiuS,
1669 1262 1855 1312 unus
1924 1263 1967 1313 e
2030 1240 2366 1313 militibus
2415 1243 2620 1332 regis

606 1340 860 1434 Magni
909 1342 1318 1435 respondit,
1368 1362 1479 1428 se,
1532 1362 1689 1435 quae
1745 1342 2042 1429 diceret,
2092 1363 2309 1414 aures
2359 1341 2616 1434 praebi-

603 1448 857 1513 turum.
931 1438 1107 1512 Tum
1140 1441 1569 1531 Gudlaugus
1621 1445 1716 1512 ita
1770 1440 1963 1536 loqui
2011 1463 2230 1514 orsus
2282 1451 2429 1513 esti
2483 1462 2615 1512 rex

606 1538 924 1614 Sverrer
952 1545 1111 1634 regi
1141 1542 1413 1636 Magno
1442 1541 1642 1612 Erlin
1697 1562 1888 1637 oque
1920 1543 2243 1636 dynastae
2277 1552 2358 1614 et
2392 1546 2613 1613 omui·

600 1639 742 1713 bus
772 1663 1016 1715 eorum
1047 1641 1384 1717 militibus
1417 1652 1573 1715 tres
1602 1664 1648 1714 o
1703 1652 1813 1714 ert
1842 1645 2327 1715 conditiones:
2381 1665 2612 1729 unam,

600 1751 682 1813 ut
730 1752 1018 1836 pontem
1067 1753 1453 1830 transeant,
1504 1764 1686 1838 rege
1737 1741 2096 1815 Sverrere
2140 1748 2417 1814 interea
2454 1766 2612 1814 cum

600 1845 760 1913 suis
813 1842 1141 1915 omnibus
1195 1842 1430 1915 locum
1481 1845 1928 1936 superiorem
1982 1844 2201 1936 longo
2246 1845 2412 1914 inde
2444 1864 2609 1942 spa·

596 1944 702 2013 tio
754 1953 1185 2036 occupante3
1259 1943 1518 2014 deinde
1589 1946 1873 2037 utrique
1924 1947 2148 2014 aciem
2201 1966 2334 2038 pru
2387 1942 2608 2015 lubitu

596 2063 803 2137 quam
862 2042 1402 2138 diligentissime
1434 2046 1802 2129 instruant,
1851 2043 2243 2139 praelioque
2279 2048 2348 2115 iu
2382 2040 2605 2146 Spro.

597 2141 882 2215 tavallis
905 2141 934 2190 1
993 2145 1417 2231 decernant,
1474 2153 1574 2229 ut,
1626 2146 1741 2214 cui
1791 2142 2004 2215 Deus
2053 2144 2329 2230 faverit,
2378 2148 2606 2216 vieto·

596 2245 772 2314 riam
824 2253 1163 2337 reportet.
1283 2243 1512 2336 Quam
1582 2240 2056 2316 conditionem
2122 2250 2187 2317 si
2255 2266 2389 2318 rex
2441 2245 2660 2342 Ma*-

596 2347 786 2436 gnus
841 2354 915 2416 et
961 2344 1299 2439 Erlingus
1353 2347 1653 2438 dynasta
1703 2348 2035 2439 accipere
2090 2345 2353 2433 nolint,
2422 2345 2606 2417 hanc

596 2441 892 2517 alteram
943 2467 1079 2517 rex
1134 2446 1450 2519 Sverrer
1501 2447 1733 2533 offert,
1783 2456 1861 2518 ut
1909 2445 2012 2516 illi
2069 2450 2458 2524 exereitum
2508 2446 2602 2526 ad

592 2566 829 2618 arcem
885 2548 1213 2635 educant,
1264 2548 1507 2641 ibique
1554 2568 1688 2642 per
1717 2550 1929 2618 otium
1961 2549 2184 2619 aciem
2214 2550 2598 2634 instruant3

591 2666 731 2717 nos
780 2656 1014 2719 autem
1066 2646 1459 2719 Birkibeiui
1508 2663 1814 2740 ,pontem
1866 2651 2302 2738 transgressi
2352 2656 2600 2718 contra

587 2767 728 2817 vos
775 2767 1041 2834 eamus,
1093 2769 1388 2843 remque
1421 2748 1723 2818 fortunae
1754 2751 2284 2819 committamus.
2352 2744 2601 2818 Tertia

592 2854 745 2932 est,
815 2851 880 2918 si
946 2846 1221 2919 illarum
1274 2860 1590 2919 neutram
1642 2846 1898 2934 velint,
1963 2858 2043 2919 ut
2090 2851 2164 2918 in
2212 2848 2451 2941 Eyras
2503 2847 2597 2917 ad

583 2966 814 3019 naves
880 2969 1052 3019 suas
1105 2948 1674 3042 proficiscantur,
1743 2947 1981 3045 ibique
2036 2970 2235 3042 quam
2293 2948 2594 3040 diligen·

582 3048 865 3119 tissime
932 3051 1160 3120 aciem
1226 3051 1610 3135 instruant3
1694 3069 1830 3126 nos
1897 3057 2130 3119 autem
2197 3047 2593 3120 Birkibeini

587 3148 699 3219 eis
753 3168 1237 3238 occurramus,
1291 3171 1383 3221 ex
1435 3149 1697 3243 oppido
1734 3152 1996 3243 impetu
2025 3149 2232 3221 facto.
2311 3149 2591 3220 Etenim

585 3268 724 3320 vos
773 3260 975 3322 certo
1038 3254 1322 3337 sciatiS,
1399 3271 1648 3341 regem
1704 3248 2170 3336 Sverrerem‚
2238 3253 2303 3321 si
2364 3251 2591 3342 ipsius

582 3346 924 3421 arbitratu
990 3350 1286 3438 liceret,
1355 3350 1666 3421 libenter
1730 3349 1924 3421 velle
1996 3349 2351 3421 dimicare.
2452 3348 2588 3419 His

556 3448 819 3534 *dictim
872 3448 1034 3521 Ivar
1082 3450 1379 3521 Hortius
1428 3452 1580 3541 ripa
1614 3448 1863 3521 relicta
1916 3469 2031 3534 eo,
2082 3449 2201 3520 ubi
2246 3459 2409 3521 ante
2438 3458 2587 3519 ste·

577 3556 788 3634 terat,
836 3568 923 3620 se
950 3552 1274 3643 ssrecepit,
1325 3554 1396 3620 in
1448 3561 1839 3644 agrumque
1891 3553 2241 3644 pervenit,
2292 3549 2413 3620 ubi
2453 3548 2586 3619 Er-

579 3644 845 3740 lingum
897 3649 1262 3742 dynastam
1316 3651 1756 3721 conveniens
1805 3648 1937 3721 has
1976 3651 2426 3721 conditiones
2443 3670 2584 3719 ‘ex-

577 3751 837 3841 posuit.
915 3748 1246 3843 Dynasta
1293 3771 1545 3843 regem
1578 3749 1945 3843 Magnum,
1996 3753 2113 3845 qui
2163 3750 2354 3821 forte
2380 3752 2586 3842 juxta

575 3849 808 3942 ipsum
874 3848 1440 3938 obdormiverat,
1511 3871 1719 3922 mauu
1793 3860 2070 3944 tergum
2143 3847 2584 3935 demulcens,

577 3968 829 4020 somno
883 3953 1297 4044 expergisci
1338 3954 1572 4045 Jussit.
1674 3951 1905 4043 Regi,
1975 3950 2141 4044 quid
2192 3954 2301 4021 rei
2355 3958 2583 4034 esset,

575 4051 1063 4142 interroganti,
1118 4051 1417 4143 dynasta
1469 4051 1648 4126 latas
1698 4077 1740 4125 a
1792 4051 2177 4123 sacerdote
2220 4048 2581 4121 Sverrere

649 4187 704 4258 ¹)
746 4186 829 4253 (ἲς
865 4186 1244 4260 Skrautavallin,
1281 4187 1344 4244 Α.
