2950 4709
326 324 400 389 c.
435 320 537 389 16.
767 325 1131 375 msromn
1193 324 1417 376 ιιιιιιιε
1466 323 1905 376 ενι-ιιιιιιιιιιε.
2219 300 2336 388 81

327 511 402 581 id
452 507 739 581 consilii
789 518 1158 604 ceperunt,
1209 517 1289 581 ut
1336 507 1427 581 ad
1481 506 1776 581 Ormum
1807 511 2008 603 regis
2045 508 2334 584 fratrem

327 613 725 696 mitterent,
776 619 876 696 ut,
927 612 992 681 si
1042 608 1198 681 fieri
1247 620 1523 705 posset,
1572 608 1831 683 solutis
1885 631 1927 681 e
1977 609 2163 683 Vika
2213 634 2335 684 na-

326 712 538 783 vibus
611 711 808 801 (tune
879 713 1063 782 enim
1112 713 1185 781 in
1247 709 1546 782 navibus
1594 731 1681 784 se
1732 703 2166 806 continebat)
2217 734 2334 785 re·

326 832 493 903 gem
544 811 980 882 adoriretur·
1035 831 1122 882 se
1174 832 1352 882 vero
1409 810 1734 903 effugere
1769 814 2046 908 conanti
2081 834 2332 886 oecur-

323 934 567 984 suroS.
671 909 837 1000 Quo
888 915 1133 982 nuntio
1185 920 1419 983 motus
1474 906 1776 997 OrmuS,
1853 934 2111 1005 magno
2164 914 2333 985 eon-
2402 991 2406 996 ,

325 1021 553 1084 tracto
608 1014 973 1099 exercitu,
1041 1014 1375 1104 ingentes
1427 1032 1651 1084 naves
1704 1032 1747 1082 e
1799 1010 1998 1100 laen,
2058 1011 2334 1107 Tyrvio

326 1113 544 1198 dieto,
598 1111 1112 1204 pertrahendas
1165 1115 1454 1200 curavit,
1507 1114 1672 1189 inde
1724 1115 1795 1183 in
1838 1112 2158 1186 Raudam
2210 1115 2334 1187 ad-

325 1234 591 1286 versus
641 1233 890 1305 regem
945 1210 1398 1301 Sverrerem,
1455 1216 1576 1308 qui
1629 1213 1725 1284 ibi
1775 1217 1848 1285 in
1897 1215 2198 1288 navibus
2247 1237 2333 1287 se

325 1312 760 1399 continebat,
811 1317 1059 1406 copias
1080 1314 1448 1392 ducturus.
1527 1313 1748 1386 Erant
1780 1318 1848 1384 in
1884 1315 2336 1404 Heidmarka,

325 1417 530 1507 regis
600 1414 1031 1506 impediendi
1082 1436 1337 1501 eausa,
1405 1436 1630 1487 naves
1682 1416 2212 1510 duodeviginti,
2262 1421 2335 1488 in

327 1514 490 1587 laeu
542 1515 824 1607 Mjorso
876 1524 1171 1587 stantes
1253 1513 1413 1606 Qua
1463 1537 1547 1588 re
1598 1519 1904 1608 cognita,
1953 1540 2086 1589 rex
2111 1516 2334 1590 Sver-

326 1637 451 1687 rer
503 1636 755 1686 novam
809 1614 1084 1686 consilii
1139 1619 1324 1688 viam
1375 1621 1755 1709 ingressus
1799 1626 1931 1688 est.
2031 1616 2334 1689 Simula-

325 1720 433 1790 vit
483 1736 569 1787 se
619 1717 972 1788 adversus
1026 1714 1323 1788 Ormu'm
1374 1716 1884 1810 profecturum,
1941 1739 2335 1813 omnesque

327 1815 832 1911 speculatores
899 1839 1077 1890 suos
1146 1820 1218 1887 in
1285 1839 1444 1890 eam
1493 1826 1764 1912 partem
1819 1821 2070 1891 emisit.
2167 1818 2335 1913 lpse

329 1939 512 1989 vero
583 1939 738 1988 eum
796 1919 1253 2013 quadraginta
1305 1941 1600 1992 suorum
1653 1921 1722 1989 in
1771 1916 2022 1991 silvam
2081 1940 2333 2014 egres-

326 2040 496 2104 suS,
569 2017 871 2090 arbores
936 2019 1318 2091 caedendas
1386 2023 1695 2108 euravit,
1778 2023 2090 2109 nemine,
2168 2022 2336 2117 quid

266 2183 277 2194 .
325 2116 518 2190 istud
568 2119 749 2190 sibi
773 2118 1044 2207 vellet,
1104 2119 1589 2214 intelligente3
1658 2124 1814 2194 suis
1864 2131 2097 2194 autem
2152 2145 2334 2217 prae-

326 2227 661 2314 ceperat,
728 2230 809 2291 ut
871 2221 963 2291 ad
1029 2242 1117 2293 se
1167 2226 1530 2295 venirent:
1596 2223 1784 2318 quod
1851 2231 1927 2293 et
1986 2222 2336 2310 fecerunt,

326 2331 543 2414 atque
594 2323 666 2390 in
717 2342 878 2392 eum
947 2319 1219 2409 loeum,
1281 2322 1404 2394 ubi
1453 2322 1914 2411 versabatur,
1978 2344 2333 2416 pervene-

325 2430 515 2506 runt,
565 2422 803 2515 ibique
840 2432 1121 2495 noctem
1154 2432 1676 2516 transegerunt.
1759 2422 2074 2495 Postero
2106 2444 2337 2511 mane,

327 2524 552 2617 prima
581 2522 770 2610 luce,
823 2522 1010 2594 tubae
1045 2544 1332 2609 sonare,
1382 2532 1577 2594 totus
1608 2526 1974 2594 exereitus
2001 2543 2335 2615 surgere,

327 2622 658 2696 omnibus
729 2646 885 2719 quae
954 2624 1111 2696 fieri
1162 2646 1297 2697 rex
1344 2623 1572 2697 vellet
1621 2625 1878 2696 inseiis.
1981 2622 2158 2696 Cum
2210 2645 2334 2697 au-

327 2734 474 2796 tem
526 2727 638 2798 sui
701 2735 952 2798 vestes
1005 2722 1441 2814 induissent,
1509 2728 1892 2820 praecepit,
1960 2736 2038 2798 ut
2087 2746 2335 2813 naves,

300 2833 491 2920 ‘quae
542 2827 612 2895 in
662 2824 914 2897 Rauda
962 2825 1261 2914 stabant,
1309 2847 1443 2919 per
1492 2830 1789 2921 spatium
1836 2829 2146 2921 quinque
2181 2825 2332 2898 mil-

330 2923 597 2997 liarium
621 2978 643 3013 ,
710 2949 848 3021 qua
907 2936 1070 2999 ante
1135 2929 1208 2999 id
1260 2938 1541 3022 tempus
1590 2950 1937 3023 nunquam
1990 2929 2333 3000 traduetae

329 3048 555 3098 naves
606 3026 907 3115 fuerant,
957 3028 1470 3132 pertraherent.
1571 3027 1734 3102 Jam
1784 3041 1929 3100 non
1977 3038 2157 3114 erat,
2205 3051 2354 3100 eur-
2461 3017 2466 3026 ’

328 3138 798 3219 quaereretur,
847 3127 1014 3223 quid
1063 3129 1199 3203 sihi
1249 3097 1474 3202 vellet
1521 3128 1645 3201 illa
1693 3132 2007 3215 materia,
2060 3151 2219 3223 quae
2259 3130 2334 3198 in

328 3226 519 3300 silva
570 3226 804 3301 fuerat
852 3251 1079 3319 eaesa3
1133 3253 1288 3328 nam
1338 3239 1484 3300 tum
1535 3228 1955 3323 apparebat,
2014 3224 2333 3302 scutulas

330 3349 528 3401 esse.
643 3327 908 3404 Itinere
976 3352 1119 3402 non
1188 3334 1385 3426 prius
1456 3329 1920 3416 destiterunt,
1988 3350 2192 3424 quam
2260 3330 2334 3400 iu

327 3428 687 3522 MJorsum
734 3442 1257 3552 pervenerunt3
1308 3452 1447 3529 quo
1501 3453 1659 3505 eum
1708 3432 2099 3517 venissent,
2149 3450 2332 3524 prae·

328 3528 638 3620 sectos,
657 3535 777 3626 qui
825 3532 926 3604 ibi
975 3532 1309 3620 aderant,
1360 3534 1598 3606 subito
1649 3530 1948 3604 navibus
2000 3532 2333 3626 aggressi

326 3640 515 3705 sunt.
624 3629 946 3724 Quorum
1017 3654 1461 3726 congressus
1529 3655 1690 3705 eum
1750 3632 1993 3704 habuit
2044 3634 2332 3718 exitum,

330 3742 452 3819 ut,
522 3732 640 3828 qui
699 3734 870 3806 Deo
934 3734 1366 3829 placuisset,
1427 3737 1793 3807 victoriam
1844 3741 2330 3827 reportarent:

329 3852 497 3906 rex
529 3854 784 3907 omues
851 3848 1030 3909 suos
1097 3834 1352 3908 hostes
1419 3833 1709 3929 expulit.
1820 3832 1984 3926 Qua
2031 3835 2332 3927 regione

328 3944 668 4028 purgata,
717 3956 858 4008 rex
906 3938 982 4008 in
1037 3938 1423 4057 emporium
1474 3935 1911 4008 Hamarense
1962 3934 2332 4027 profectus

331 4038 616 4178 comitia
665 4035 933 4127 babuit,
980 4040 1263 4111 nemine
1307 4033 1652 4111 voluntati
1684 4040 1845 4133 ejus
1877 4032 2332 4132 obloquente.
