<?xml version="1.0" encoding="UTF-8"?>
<!DOCTYPE html PUBLIC "-//W3C//DTD XHTML 1.0 Transitional//EN"
    "http://www.w3.org/TR/xhtml1/DTD/xhtml1-transitional.dtd">
<html xmlns="http://www.w3.org/1999/xhtml" xml:lang="en" lang="en">
 <head>
  <title>
</title>
<meta http-equiv="Content-Type" content="text/html;charset=utf-8" />
  <meta name='ocr-system' content='tesseract 3.04.00' />
  <meta name='ocr-capabilities' content='ocr_page ocr_carea ocr_par ocr_line ocrx_word'/>
</head>
<body>
  <div class='ocr_page' id='page_1' title='image "./scriptahistoric01unkngoog_0013.png"; bbox 0 0 2950 4709; ppageno 0'>
   <div class='ocr_carea' id='block_1_1' title="bbox 1309 404 1393 468">
    <p class='ocr_par' dir='ltr' id='par_1_1' title="bbox 1309 404 1393 468">
     <span class='ocr_line' id='line_1_1' title="bbox 1309 404 1393 468; baseline -0.036 0"><span class='ocrx_word' id='word_1_1' title='bbox 1309 404 1393 468; x_wconf 82' lang='lat' dir='ltr'><strong>lx</strong></span> 
     </span>
    </p>
   </div>
   <div class='ocr_carea' id='block_1_2' title="bbox 336 587 2360 4304">
    <p class='ocr_par' dir='ltr' id='par_1_2' title="bbox 336 587 2360 4304">
     <span class='ocr_line' id='line_1_2' title="bbox 343 587 2358 666; baseline 0.003 -17"><span class='ocrx_word' id='word_1_2' title='bbox 343 589 502 649; x_wconf 85' lang='lat' dir='ltr'><strong>Nam</strong></span> <span class='ocrx_word' id='word_1_3' title='bbox 560 590 684 650; x_wconf 83' lang='lat' dir='ltr'><strong>hoc</strong></span> <span class='ocrx_word' id='word_1_4' title='bbox 741 606 968 651; x_wconf 88' lang='lat' dir='ltr'><strong>nomen</strong></span> <span class='ocrx_word' id='word_1_5' title='bbox 1015 591 1319 666; x_wconf 75' lang='lat' dir='ltr'><strong>(Isserus)</strong></span> <span class='ocrx_word' id='word_1_6' title='bbox 1378 590 1543 650; x_wconf 83' lang='lat' dir='ltr'><strong>hand</strong></span> <span class='ocrx_word' id='word_1_7' title='bbox 1596 587 1788 653; x_wconf 86' lang='lat' dir='ltr'><strong>dubie</strong></span> <span class='ocrx_word' id='word_1_8' title='bbox 1834 592 2004 658; x_wconf 86' lang='lat' dir='ltr'><strong>idem</strong></span> <span class='ocrx_word' id='word_1_9' title='bbox 2047 592 2212 655; x_wconf 80' lang='lat' dir='ltr'><strong>valet</strong></span> <span class='ocrx_word' id='word_1_10' title='bbox 2261 597 2358 657; x_wconf 71' lang='lat' dir='ltr'><strong>at-</strong></span> 
     </span>
     <span class='ocr_line' id='line_1_3' title="bbox 343 694 2353 775; baseline 0.001 -20"><span class='ocrx_word' id='word_1_11' title='bbox 343 713 466 775; x_wconf 83' lang='lat' dir='ltr'><strong>que</strong></span> <span class='ocrx_word' id='word_1_12' title='bbox 510 713 740 756; x_wconf 89' lang='lat' dir='ltr'><strong>nomen</strong></span> <span class='ocrx_word' id='word_1_13' title='bbox 786 695 1049 769; x_wconf 59' lang='lat' dir='ltr'><strong>Gis-mr,</strong></span> <span class='ocrx_word' id='word_1_14' title='bbox 1092 711 1319 755; x_wconf 87' lang='lat' dir='ltr'><strong>nomen</strong></span> <span class='ocrx_word' id='word_1_15' title='bbox 1366 696 1432 754; x_wconf 91' lang='lat' dir='ltr'><strong>in</strong></span> <span class='ocrx_word' id='word_1_16' title='bbox 1479 694 1752 755; x_wconf 72' lang='lat' dir='ltr'><strong>islandia</strong></span> <span class='ocrx_word' id='word_1_17' title='bbox 1794 696 2047 775; x_wconf 81' lang='lat' dir='ltr'><strong>quidem</strong></span> <span class='ocrx_word' id='word_1_18' title='bbox 2093 698 2353 760; x_wconf 68' lang='lat' dir='ltr'><strong>notissi-</strong></span> 
     </span>
     <span class='ocr_line' id='line_1_4' title="bbox 345 798 2355 879; baseline 0.001 -20"><span class='ocrx_word' id='word_1_19' title='bbox 345 819 512 859; x_wconf 86' lang='lat' dir='ltr'><strong>mum</strong></span> <span class='ocrx_word' id='word_1_20' title='bbox 557 805 625 860; x_wconf 88' lang='lat' dir='ltr'><strong>et</strong></span> <span class='ocrx_word' id='word_1_21' title='bbox 664 799 1185 879; x_wconf 79' lang='lat' dir='ltr'><strong>vulgatissimum,</strong></span> <span class='ocrx_word' id='word_1_22' title='bbox 1231 798 1295 858; x_wconf 88' lang='lat' dir='ltr'><strong>in</strong></span> <span class='ocrx_word' id='word_1_23' title='bbox 1339 798 1651 876; x_wconf 80' lang='lat' dir='ltr'><strong>Norvegia</strong></span> <span class='ocrx_word' id='word_1_24' title='bbox 1691 818 1839 860; x_wconf 85' lang='lat' dir='ltr'><strong>vero</strong></span> <span class='ocrx_word' id='word_1_25' title='bbox 1887 818 2015 861; x_wconf 84' lang='lat' dir='ltr'><strong>sec.</strong></span> <span class='ocrx_word' id='word_1_26' title='bbox 2055 800 2181 876; x_wconf 72' lang='lat'><strong>12,</strong></span> <span class='ocrx_word' id='word_1_27' title='bbox 2227 802 2355 877; x_wconf 55' lang='lat'><strong>13„</strong></span> 
     </span>
     <span class='ocr_line' id='line_1_5' title="bbox 343 903 2354 983; baseline 0.002 -19"><span class='ocrx_word' id='word_1_28' title='bbox 343 910 409 964; x_wconf 88' lang='lat' dir='ltr'><strong>et</strong></span> <span class='ocrx_word' id='word_1_29' title='bbox 455 904 554 963; x_wconf 74' lang='lat'><strong>14.</strong></span> <span class='ocrx_word' id='word_1_30' title='bbox 612 922 758 963; x_wconf 84' lang='lat' dir='ltr'><strong>raro</strong></span> <span class='ocrx_word' id='word_1_31' title='bbox 816 908 924 963; x_wconf 87' lang='lat' dir='ltr'><strong>aut</strong></span> <span class='ocrx_word' id='word_1_32' title='bbox 983 920 1295 981; x_wconf 84' lang='lat' dir='ltr'><strong>nunquam</strong></span> <span class='ocrx_word' id='word_1_33' title='bbox 1342 909 1749 981; x_wconf 80' lang='lat' dir='ltr'><strong>usurpatum,</strong></span> <span class='ocrx_word' id='word_1_34' title='bbox 1813 903 2019 983; x_wconf 84' lang='lat' dir='ltr'><strong>prima</strong></span> <span class='ocrx_word' id='word_1_35' title='bbox 2078 906 2354 969; x_wconf 73' lang='lat' dir='ltr'><strong>nomini·</strong></span> 
     </span>
     <span class='ocr_line' id='line_1_6' title="bbox 344 1007 2355 1086; baseline 0.002 -19"><span class='ocrx_word' id='word_1_36' title='bbox 344 1008 528 1067; x_wconf 86' lang='lat' dir='ltr'><strong>litera</strong></span> <span class='ocrx_word' id='word_1_37' title='bbox 572 1012 680 1068; x_wconf 86' lang='lat' dir='ltr'><strong>aut</strong></span> <span class='ocrx_word' id='word_1_38' title='bbox 722 1025 837 1086; x_wconf 85' lang='lat' dir='ltr'><strong>per</strong></span> <span class='ocrx_word' id='word_1_39' title='bbox 881 1007 1188 1066; x_wconf 86' lang='lat' dir='ltr'><strong>incuriam</strong></span> <span class='ocrx_word' id='word_1_40' title='bbox 1247 1008 1483 1068; x_wconf 79' lang='lat' dir='ltr'><strong>omissa</strong></span> <span class='ocrx_word' id='word_1_41' title='bbox 1526 1014 1634 1066; x_wconf 81' lang='lat' dir='ltr'><strong>ant</strong></span> <span class='ocrx_word' id='word_1_42' title='bbox 1674 1014 1986 1070; x_wconf 82' lang='lat' dir='ltr'><strong>vetustate</strong></span> <span class='ocrx_word' id='word_1_43' title='bbox 2027 1007 2200 1071; x_wconf 85' lang='lat' dir='ltr'><strong>forte</strong></span> <span class='ocrx_word' id='word_1_44' title='bbox 2242 1010 2355 1072; x_wconf 83' lang='lat' dir='ltr'><strong>de-</strong></span> 
     </span>
     <span class='ocr_line' id='line_1_7' title="bbox 343 1109 2355 1190; baseline 0.003 -20"><span class='ocrx_word' id='word_1_45' title='bbox 343 1111 491 1184; x_wconf 86' lang='lat' dir='ltr'><strong>leta,</strong></span> <span class='ocrx_word' id='word_1_46' title='bbox 536 1119 663 1186; x_wconf 84' lang='lat' dir='ltr'><strong>ant,</strong></span> <span class='ocrx_word' id='word_1_47' title='bbox 705 1109 875 1190; x_wconf 89' lang='lat' dir='ltr'><strong>quod</strong></span> <span class='ocrx_word' id='word_1_48' title='bbox 919 1128 1069 1170; x_wconf 84' lang='lat' dir='ltr'><strong>vero</strong></span> <span class='ocrx_word' id='word_1_49' title='bbox 1117 1109 1363 1169; x_wconf 82' lang='lat' dir='ltr'><strong>videtur</strong></span> <span class='ocrx_word' id='word_1_50' title='bbox 1406 1110 1703 1183; x_wconf 80' lang='lat' dir='ltr'><strong>similius,</strong></span> <span class='ocrx_word' id='word_1_51' title='bbox 1750 1112 2005 1174; x_wconf 86' lang='lat' dir='ltr'><strong>nomine</strong></span> <span class='ocrx_word' id='word_1_52' title='bbox 2043 1111 2355 1176; x_wconf 79' lang='lat' dir='ltr'><strong>islandico</strong></span> 
     </span>
     <span class='ocr_line' id='line_1_8' title="bbox 341 1212 2356 1278; baseline 0.002 -4"><span class='ocrx_word' id='word_1_53' title='bbox 341 1216 418 1275; x_wconf 81' lang='lat' dir='ltr'><strong>ad</strong></span> <span class='ocrx_word' id='word_1_54' title='bbox 464 1234 820 1276; x_wconf 83' lang='lat' dir='ltr'><strong>sermonem</strong></span> <span class='ocrx_word' id='word_1_55' title='bbox 863 1212 1127 1273; x_wconf 85' lang='lat' dir='ltr'><strong>latinum</strong></span> <span class='ocrx_word' id='word_1_56' title='bbox 1173 1214 1644 1276; x_wconf 87' lang='lat' dir='ltr'><strong>accommodato</strong></span> <span class='ocrx_word' id='word_1_57' title='bbox 1692 1222 1759 1277; x_wconf 88' lang='lat' dir='ltr'><strong>et</strong></span> <span class='ocrx_word' id='word_1_58' title='bbox 1801 1216 2092 1277; x_wconf 87' lang='lat' dir='ltr'><strong>nonnihil</strong></span> <span class='ocrx_word' id='word_1_59' title='bbox 2136 1217 2356 1278; x_wconf 82' lang='lat' dir='ltr'><strong>detor-</strong></span> 
     </span>
     <span class='ocr_line' id='line_1_9' title="bbox 339 1316 2354 1397; baseline 0.002 -19"><span class='ocrx_word' id='word_1_60' title='bbox 339 1325 432 1391; x_wconf 86' lang='lat' dir='ltr'><strong>to,</strong></span> <span class='ocrx_word' id='word_1_61' title='bbox 479 1317 930 1378; x_wconf 84' lang='lat' dir='ltr'><strong>consvetndine</strong></span> <span class='ocrx_word' id='word_1_62' title='bbox 975 1316 1241 1377; x_wconf 86' lang='lat' dir='ltr'><strong>istorum</strong></span> <span class='ocrx_word' id='word_1_63' title='bbox 1289 1322 1667 1397; x_wconf 86' lang='lat' dir='ltr'><strong>temporum,</strong></span> <span class='ocrx_word' id='word_1_64' title='bbox 1717 1339 1838 1397; x_wconf 82' lang='lat' dir='ltr'><strong>qua</strong></span> <span class='ocrx_word' id='word_1_65' title='bbox 1872 1322 2124 1381; x_wconf 77' lang='lat' dir='ltr'><strong>nomina</strong></span> <span class='ocrx_word' id='word_1_66' title='bbox 2159 1320 2354 1383; x_wconf 78' lang='lat' dir='ltr'><strong>Scan·-</strong></span> 
     </span>
     <span class='ocr_line' id='line_1_10' title="bbox 339 1419 2357 1506; baseline 0.002 -24"><span class='ocrx_word' id='word_1_67' title='bbox 339 1423 482 1483; x_wconf 83' lang='lat' dir='ltr'><strong>dica</strong></span> <span class='ocrx_word' id='word_1_68' title='bbox 538 1421 730 1482; x_wconf 71' lang='lat' dir='ltr'><strong>Hallc‘</strong></span> <span class='ocrx_word' id='word_1_69' title='bbox 784 1423 850 1506; x_wconf 82' lang='lat' dir='ltr'><strong>in</strong></span> <span class='ocrx_word' id='word_1_70' title='bbox 905 1421 1090 1494; x_wconf 82' lang='lat' dir='ltr'><strong>Allo,</strong></span> <span class='ocrx_word' id='word_1_71' title='bbox 1143 1419 1379 1482; x_wconf 77' lang='lat' dir='ltr'><strong>Ha&#39;kon</strong></span> <span class='ocrx_word' id='word_1_72' title='bbox 1435 1423 1503 1482; x_wconf 87' lang='lat' dir='ltr'><strong>in</strong></span> <span class='ocrx_word' id='word_1_73' title='bbox 1544 1423 1764 1499; x_wconf 83' lang='lat' dir='ltr'><strong>Acon,</strong></span> <span class='ocrx_word' id='word_1_74' title='bbox 1829 1423 2011 1504; x_wconf 71' lang='lat' dir='ltr'><strong>Gyda</strong></span> <span class='ocrx_word' id='word_1_75' title='bbox 2053 1424 2120 1485; x_wconf 90' lang='lat' dir='ltr'><strong>in</strong></span> <span class='ocrx_word' id='word_1_76' title='bbox 2160 1425 2357 1500; x_wconf 74' lang='lat' dir='ltr'><strong>Jnta,</strong></span> 
     </span>
     <span class='ocr_line' id='line_1_11' title="bbox 344 1523 2358 1604; baseline 0.002 -19"><span class='ocrx_word' id='word_1_77' title='bbox 344 1524 533 1585; x_wconf 81' lang='lat' dir='ltr'><strong>Ormr</strong></span> <span class='ocrx_word' id='word_1_78' title='bbox 575 1526 639 1585; x_wconf 89' lang='lat' dir='ltr'><strong>in</strong></span> <span class='ocrx_word' id='word_1_79' title='bbox 689 1523 956 1585; x_wconf 73' lang='lat' dir='ltr'><strong>Omeras</strong></span> <span class='ocrx_word' id='word_1_80' title='bbox 1000 1530 1107 1583; x_wconf 85' lang='lat' dir='ltr'><strong>aut</strong></span> <span class='ocrx_word' id='word_1_81' title='bbox 1148 1523 1494 1602; x_wconf 74' lang='lat' dir='ltr'><strong>Homerus,</strong></span> <span class='ocrx_word' id='word_1_82' title='bbox 1535 1525 1869 1587; x_wconf 71' lang='lat' dir='ltr'><strong>Hb&#39;slculdr</strong></span> <span class='ocrx_word' id='word_1_83' title='bbox 1912 1527 1980 1586; x_wconf 90' lang='lat' dir='ltr'><strong>in</strong></span> <span class='ocrx_word' id='word_1_84' title='bbox 2016 1526 2358 1604; x_wconf 68' lang='lat' dir='ltr'><strong>Osculdua,</strong></span> 
     </span>
     <span class='ocr_line' id='line_1_12' title="bbox 339 1627 2358 1702; baseline 0.002 -14"><span class='ocrx_word' id='word_1_85' title='bbox 339 1635 497 1702; x_wconf 89' lang='lat' dir='ltr'><strong>etc.‚</strong></span> <span class='ocrx_word' id='word_1_86' title='bbox 571 1627 796 1689; x_wconf 85' lang='lat' dir='ltr'><strong>mutari</strong></span> <span class='ocrx_word' id='word_1_87' title='bbox 870 1627 1183 1687; x_wconf 86' lang='lat' dir='ltr'><strong>solebant.</strong></span> <span class='ocrx_word' id='word_1_88' title='bbox 1295 1629 1420 1688; x_wconf 86' lang='lat' dir='ltr'><strong>Hic</strong></span> <span class='ocrx_word' id='word_1_89' title='bbox 1489 1630 1741 1690; x_wconf 83' lang='lat' dir='ltr'><strong>Giasur·</strong></span> <span class='ocrx_word' id='word_1_90' title='bbox 1780 1631 1920 1690; x_wconf 86' lang='lat' dir='ltr'><strong>sine</strong></span> <span class='ocrx_word' id='word_1_91' title='bbox 1980 1629 2172 1691; x_wconf 86' lang='lat' dir='ltr'><strong>dubio</strong></span> <span class='ocrx_word' id='word_1_92' title='bbox 2230 1631 2358 1692; x_wconf 79' lang='lat' dir='ltr'><strong>fuit</strong></span> 
     </span>
     <span class='ocr_line' id='line_1_13' title="bbox 341 1707 2358 1808; baseline 0.002 -17"><span class='ocrx_word' id='word_1_93' title='bbox 341 1707 748 1791; x_wconf 69' lang='lat' dir='ltr'><strong>doctissimus</strong></span> <span class='ocrx_word' id='word_1_94' title='bbox 792 1731 902 1793; x_wconf 89' lang='lat' dir='ltr'><strong>ille</strong></span> <span class='ocrx_word' id='word_1_95' title='bbox 933 1730 1221 1791; x_wconf 82' lang='lat' dir='ltr'><strong>Islandus</strong></span> <span class='ocrx_word' id='word_1_96' title='bbox 1266 1732 1466 1791; x_wconf 84' lang='lat' dir='ltr'><strong>seculi</strong></span> <span class='ocrx_word' id='word_1_97' title='bbox 1506 1731 1641 1807; x_wconf 68' lang='lat'><strong>12,</strong></span> <span class='ocrx_word' id='word_1_98' title='bbox 1689 1733 1917 1794; x_wconf 82' lang='lat' dir='ltr'><strong>Gissur</strong></span> <span class='ocrx_word' id='word_1_99' title='bbox 1941 1733 2113 1795; x_wconf 86' lang='lat' dir='ltr'><strong>Hnlli</strong></span> <span class='ocrx_word' id='word_1_100' title='bbox 2159 1732 2358 1808; x_wconf 73' lang='lat' dir='ltr'><strong>filius,</strong></span> 
     </span>
     <span class='ocr_line' id='line_1_14' title="bbox 342 1833 2355 1919; baseline 0.004 -27"><span class='ocrx_word' id='word_1_101' title='bbox 342 1835 450 1913; x_wconf 84' lang='lat' dir='ltr'><strong>qui</strong></span> <span class='ocrx_word' id='word_1_102' title='bbox 496 1833 654 1893; x_wconf 84' lang='lat' dir='ltr'><strong>aulae</strong></span> <span class='ocrx_word' id='word_1_103' title='bbox 701 1836 999 1914; x_wconf 84' lang='lat' dir='ltr'><strong>magister</strong></span> <span class='ocrx_word' id='word_1_104' title='bbox 1042 1834 1250 1895; x_wconf 81' lang='lat' dir='ltr'><strong>fuerat</strong></span> <span class='ocrx_word' id='word_1_105' title='bbox 1293 1836 1462 1913; x_wconf 83' lang='lat' dir='ltr'><strong>regis</strong></span> <span class='ocrx_word' id='word_1_106' title='bbox 1507 1835 1764 1914; x_wconf 85' lang='lat' dir='ltr'><strong>Sigurdi</strong></span> <span class='ocrx_word' id='word_1_107' title='bbox 1809 1837 2112 1913; x_wconf 88' lang='lat' dir='ltr'><strong>Brouchi,</strong></span> <span class='ocrx_word' id='word_1_108' title='bbox 2152 1838 2355 1919; x_wconf 72' lang='lat' dir='ltr'><strong>patri·</strong></span> 
     </span>
     <span class='ocr_line' id='line_1_15' title="bbox 342 1937 2356 2019; baseline 0.003 -19"><span class='ocrx_word' id='word_1_109' title='bbox 342 1939 513 2016; x_wconf 83' lang='lat' dir='ltr'><strong>regis</strong></span> <span class='ocrx_word' id='word_1_110' title='bbox 557 1937 900 1999; x_wconf 79' lang='lat' dir='ltr'><strong>Sverreris.</strong></span> <span class='ocrx_word' id='word_1_111' title='bbox 988 1940 1114 2016; x_wconf 76' lang='lat' dir='ltr'><strong>Qui</strong></span> <span class='ocrx_word' id='word_1_112' title='bbox 1173 1957 1315 1998; x_wconf 89' lang='lat' dir='ltr'><strong>cum</strong></span> <span class='ocrx_word' id='word_1_113' title='bbox 1373 1946 1546 2000; x_wconf 82' lang='lat' dir='ltr'><strong>esset</strong></span> <span class='ocrx_word' id='word_1_114' title='bbox 1598 1941 2027 2019; x_wconf 79' lang='lat' dir='ltr'><strong>peritissimus</strong></span> <span class='ocrx_word' id='word_1_115' title='bbox 2070 1950 2356 2006; x_wconf 84' lang='lat' dir='ltr'><strong>veterum</strong></span> 
     </span>
     <span class='ocr_line' id='line_1_16' title="bbox 344 2040 2355 2124; baseline 0.003 -23"><span class='ocrx_word' id='word_1_116' title='bbox 344 2041 755 2102; x_wconf 75' lang='lat' dir='ltr'><strong>historiarum</strong></span> <span class='ocrx_word' id='word_1_117' title='bbox 804 2040 883 2102; x_wconf 84' lang='lat' dir='ltr'><strong>de</strong></span> <span class='ocrx_word' id='word_1_118' title='bbox 925 2043 1180 2120; x_wconf 80' lang='lat' dir='ltr'><strong>regibus</strong></span> <span class='ocrx_word' id='word_1_119' title='bbox 1225 2042 1613 2122; x_wconf 83' lang='lat' dir='ltr'><strong>Norvegicis‚</strong></span> <span class='ocrx_word' id='word_1_120' title='bbox 1659 2045 1969 2124; x_wconf 79' lang='lat' dir='ltr'><strong>patreque</strong></span> <span class='ocrx_word' id='word_1_121' title='bbox 2010 2051 2137 2107; x_wconf 82' lang='lat' dir='ltr'><strong>tam</strong></span> <span class='ocrx_word' id='word_1_122' title='bbox 2166 2047 2355 2108; x_wconf 85' lang='lat' dir='ltr'><strong>fami-</strong></span> 
     </span>
     <span class='ocr_line' id='line_1_17' title="bbox 346 2144 2358 2226; baseline 0.004 -22"><span class='ocrx_word' id='word_1_123' title='bbox 346 2144 592 2206; x_wconf 82' lang='lat' dir='ltr'><strong>liariter</strong></span> <span class='ocrx_word' id='word_1_124' title='bbox 637 2163 787 2205; x_wconf 87' lang='lat' dir='ltr'><strong>usus</strong></span> <span class='ocrx_word' id='word_1_125' title='bbox 829 2144 1093 2219; x_wconf 86' lang='lat' dir='ltr'><strong>fuisset,</strong></span> <span class='ocrx_word' id='word_1_126' title='bbox 1148 2146 1315 2208; x_wconf 82' lang='lat' dir='ltr'><strong>hand</strong></span> <span class='ocrx_word' id='word_1_127' title='bbox 1358 2165 1394 2206; x_wconf 81' lang='lat' dir='ltr'><strong>a</strong></span> <span class='ocrx_word' id='word_1_128' title='bbox 1439 2149 1990 2210; x_wconf 81' lang='lat' dir='ltr'><strong>verisimilitudine</strong></span> <span class='ocrx_word' id='word_1_129' title='bbox 2032 2150 2358 2226; x_wconf 83' lang='lat' dir='ltr'><strong>abhorret,</strong></span> 
     </span>
     <span class='ocr_line' id='line_1_18' title="bbox 344 2233 2358 2332; baseline 0.002 -21"><span class='ocrx_word' id='word_1_130' title='bbox 344 2249 615 2311; x_wconf 87' lang='lat' dir='ltr'><strong>eundem</strong></span> <span class='ocrx_word' id='word_1_131' title='bbox 668 2268 919 2310; x_wconf 88' lang='lat' dir='ltr'><strong>omnem</strong></span> <span class='ocrx_word' id='word_1_132' title='bbox 976 2249 1249 2329; x_wconf 77' lang='lat' dir='ltr'><strong>lapidem</strong></span> <span class='ocrx_word' id='word_1_133' title='bbox 1284 2233 1604 2325; x_wconf 53' lang='lat' dir='ltr'><strong>&#39;movisse‚</strong></span> <span class='ocrx_word' id='word_1_134' title='bbox 1666 2260 1737 2313; x_wconf 87' lang='lat' dir='ltr'><strong>nt</strong></span> <span class='ocrx_word' id='word_1_135' title='bbox 1778 2258 2022 2332; x_wconf 88' lang='lat' dir='ltr'><strong>partem</strong></span> <span class='ocrx_word' id='word_1_136' title='bbox 2066 2254 2358 2322; x_wconf 77' lang='lat' dir='ltr'><strong>historioe</strong></span> 
     </span>
     <span class='ocr_line' id='line_1_19' title="bbox 348 2353 2354 2437; baseline 0.001 -21"><span class='ocrx_word' id='word_1_137' title='bbox 348 2355 428 2416; x_wconf 90' lang='lat' dir='ltr'><strong>de</strong></span> <span class='ocrx_word' id='word_1_138' title='bbox 472 2356 644 2428; x_wconf 84' lang='lat' dir='ltr'><strong>filio,</strong></span> <span class='ocrx_word' id='word_1_139' title='bbox 699 2373 851 2434; x_wconf 79' lang='lat' dir='ltr'><strong>rege</strong></span> <span class='ocrx_word' id='word_1_140' title='bbox 895 2355 1223 2427; x_wconf 78' lang='lat' dir='ltr'><strong>Sverrere‚</strong></span> <span class='ocrx_word' id='word_1_141' title='bbox 1279 2373 1313 2413; x_wconf 92' lang='lat' dir='ltr'><strong>a</strong></span> <span class='ocrx_word' id='word_1_142' title='bbox 1358 2353 1588 2414; x_wconf 87' lang='lat' dir='ltr'><strong>Carolo</strong></span> <span class='ocrx_word' id='word_1_143' title='bbox 1635 2357 1859 2417; x_wconf 77' lang='lat' dir='ltr'><strong>abbate</strong></span> <span class='ocrx_word' id='word_1_144' title='bbox 1902 2359 2354 2437; x_wconf 79' lang='lat' dir='ltr'><strong>conscriptam,</strong></span> 
     </span>
     <span class='ocr_line' id='line_1_20' title="bbox 345 2456 2355 2536; baseline 0.001 -19"><span class='ocrx_word' id='word_1_145' title='bbox 345 2458 639 2519; x_wconf 86' lang='lat' dir='ltr'><strong>obtinere</strong></span> <span class='ocrx_word' id='word_1_146' title='bbox 683 2466 749 2518; x_wconf 88' lang='lat' dir='ltr'><strong>et</strong></span> <span class='ocrx_word' id='word_1_147' title='bbox 788 2460 1160 2520; x_wconf 84' lang='lat' dir='ltr'><strong>continuare</strong></span> <span class='ocrx_word' id='word_1_148' title='bbox 1203 2462 1442 2536; x_wconf 81' lang='lat' dir='ltr'><strong>posset.</strong></span> <span class='ocrx_word' id='word_1_149' title='bbox 1531 2456 1838 2532; x_wconf 75' lang='lat' dir='ltr'><strong>Quantam</strong></span> <span class='ocrx_word' id='word_1_150' title='bbox 1884 2467 2095 2520; x_wconf 85' lang='lat' dir='ltr'><strong>autem</strong></span> <span class='ocrx_word' id='word_1_151' title='bbox 2143 2461 2212 2520; x_wconf 87' lang='lat' dir='ltr'><strong>in</strong></span> <span class='ocrx_word' id='word_1_152' title='bbox 2253 2460 2355 2519; x_wconf 86' lang='lat' dir='ltr'><strong>hi·-</strong></span> 
     </span>
     <span class='ocr_line' id='line_1_21' title="bbox 346 2560 2359 2639; baseline 0.001 -18"><span class='ocrx_word' id='word_1_153' title='bbox 346 2562 604 2623; x_wconf 77' lang='lat' dir='ltr'><strong>storicis</strong></span> <span class='ocrx_word' id='word_1_154' title='bbox 646 2560 872 2621; x_wconf 83' lang='lat' dir='ltr'><strong>famam</strong></span> <span class='ocrx_word' id='word_1_155' title='bbox 917 2562 1251 2633; x_wconf 86' lang='lat' dir='ltr'><strong>habuerit,</strong></span> <span class='ocrx_word' id='word_1_156' title='bbox 1312 2560 1493 2638; x_wconf 83' lang='lat' dir='ltr'><strong>signo</strong></span> <span class='ocrx_word' id='word_1_157' title='bbox 1536 2567 1669 2633; x_wconf 88' lang='lat' dir='ltr'><strong>est,</strong></span> <span class='ocrx_word' id='word_1_158' title='bbox 1734 2560 1903 2639; x_wconf 83' lang='lat' dir='ltr'><strong>quod</strong></span> <span class='ocrx_word' id='word_1_159' title='bbox 1949 2561 2201 2624; x_wconf 85' lang='lat' dir='ltr'><strong>celeber</strong></span> <span class='ocrx_word' id='word_1_160' title='bbox 2244 2560 2359 2624; x_wconf 88' lang='lat' dir='ltr'><strong>ille</strong></span> 
     </span>
     <span class='ocr_line' id='line_1_22' title="bbox 345 2663 2355 2754; baseline 0.002 -31"><span class='ocrx_word' id='word_1_161' title='bbox 345 2664 692 2725; x_wconf 85' lang='lat' dir='ltr'><strong>historicus</strong></span> <span class='ocrx_word' id='word_1_162' title='bbox 737 2664 1103 2744; x_wconf 82' lang='lat' dir='ltr'><strong>Gunnlogns</strong></span> <span class='ocrx_word' id='word_1_163' title='bbox 1147 2664 1323 2726; x_wconf 83' lang='lat' dir='ltr'><strong>Leivi</strong></span> <span class='ocrx_word' id='word_1_164' title='bbox 1370 2663 1565 2737; x_wconf 86' lang='lat' dir='ltr'><strong>filins,</strong></span> <span class='ocrx_word' id='word_1_165' title='bbox 1610 2664 1951 2726; x_wconf 81' lang='lat' dir='ltr'><strong>monachus</strong></span> <span class='ocrx_word' id='word_1_166' title='bbox 1997 2665 2355 2754; x_wconf 48' lang='lat' dir='ltr'><strong>Thingoraf</strong></span> 
     </span>
     <span class='ocr_line' id='line_1_23' title="bbox 345 2768 2356 2849; baseline 0.001 -20"><span class='ocrx_word' id='word_1_167' title='bbox 345 2788 503 2842; x_wconf 85' lang='lat' dir='ltr'><strong>nus,</strong></span> <span class='ocrx_word' id='word_1_168' title='bbox 563 2769 793 2830; x_wconf 84' lang='lat' dir='ltr'><strong>Carolo</strong></span> <span class='ocrx_word' id='word_1_169' title='bbox 848 2770 1087 2830; x_wconf 84' lang='lat' dir='ltr'><strong>ibidem</strong></span> <span class='ocrx_word' id='word_1_170' title='bbox 1157 2768 1367 2829; x_wconf 86' lang='lat' dir='ltr'><strong>abbati</strong></span> <span class='ocrx_word' id='word_1_171' title='bbox 1423 2769 1721 2848; x_wconf 74' lang='lat' dir='ltr'><strong>aequalis,</strong></span> <span class='ocrx_word' id='word_1_172' title='bbox 1791 2769 2125 2831; x_wconf 77' lang='lat' dir='ltr'><strong>historiam</strong></span> <span class='ocrx_word' id='word_1_173' title='bbox 2185 2771 2356 2849; x_wconf 78' lang='lat' dir='ltr'><strong>regia</strong></span> 
     </span>
     <span class='ocr_line' id='line_1_24' title="bbox 347 2872 2357 2955; baseline 0 -21"><span class='ocrx_word' id='word_1_174' title='bbox 347 2872 525 2934; x_wconf 84' lang='lat' dir='ltr'><strong>Olavi</strong></span> <span class='ocrx_word' id='word_1_175' title='bbox 567 2873 902 2953; x_wconf 80' lang='lat' dir='ltr'><strong>Trygvidoe</strong></span> <span class='ocrx_word' id='word_1_176' title='bbox 960 2874 1037 2933; x_wconf 90' lang='lat' dir='ltr'><strong>ab</strong></span> <span class='ocrx_word' id='word_1_177' title='bbox 1098 2892 1167 2935; x_wconf 85' lang='lat' dir='ltr'><strong>se</strong></span> <span class='ocrx_word' id='word_1_178' title='bbox 1224 2872 1423 2934; x_wconf 84' lang='lat' dir='ltr'><strong>latino</strong></span> <span class='ocrx_word' id='word_1_179' title='bbox 1478 2890 1771 2935; x_wconf 80' lang='lat' dir='ltr'><strong>sermone</strong></span> <span class='ocrx_word' id='word_1_180' title='bbox 1826 2874 2249 2955; x_wconf 79' lang='lat' dir='ltr'><strong>conscriptam</strong></span> <span class='ocrx_word' id='word_1_181' title='bbox 2292 2875 2357 2935; x_wconf 83' lang='lat' dir='ltr'><strong>ei</strong></span> 
     </span>
     <span class='ocr_line' id='line_1_25' title="bbox 344 2975 2356 3057; baseline -0 -19"><span class='ocrx_word' id='word_1_182' title='bbox 344 2978 798 3039; x_wconf 86' lang='lat' dir='ltr'><strong>emendandam</strong></span> <span class='ocrx_word' id='word_1_183' title='bbox 855 2976 1121 3039; x_wconf 82' lang='lat' dir='ltr'><strong>tradidit</strong></span> <span class='ocrx_word' id='word_1_184' title='bbox 1175 2976 1337 3052; x_wconf 85' lang='lat' dir='ltr'><strong>(Ser.</strong></span> <span class='ocrx_word' id='word_1_185' title='bbox 1382 2976 1535 3037; x_wconf 85' lang='lat' dir='ltr'><strong>hist.</strong></span> <span class='ocrx_word' id='word_1_186' title='bbox 1580 2976 1686 3038; x_wconf 86' lang='lat' dir='ltr'><strong>lsl.</strong></span> <span class='ocrx_word' id='word_1_187' title='bbox 1749 2977 1889 3040; x_wconf 88' lang='lat' dir='ltr'><strong>Vol.</strong></span> <span class='ocrx_word' id='word_1_188' title='bbox 1934 2978 1996 3042; x_wconf 72' lang='lat'><strong>3.</strong></span> <span class='ocrx_word' id='word_1_189' title='bbox 2059 2998 2122 3057; x_wconf 90' lang='lat' dir='ltr'><strong>p.</strong></span> <span class='ocrx_word' id='word_1_190' title='bbox 2174 2975 2356 3057; x_wconf 75' lang='lat'><strong>173).</strong></span> 
     </span>
     <span class='ocr_line' id='line_1_26' title="bbox 345 3080 2357 3166; baseline -0 -24"><span class='ocrx_word' id='word_1_191' title='bbox 345 3081 564 3162; x_wconf 82' lang='lat' dir='ltr'><strong>ltaque</strong></span> <span class='ocrx_word' id='word_1_192' title='bbox 608 3080 775 3161; x_wconf 81' lang='lat' dir='ltr'><strong>qnod</strong></span> <span class='ocrx_word' id='word_1_193' title='bbox 815 3080 942 3142; x_wconf 87' lang='lat' dir='ltr'><strong>iter</strong></span> <span class='ocrx_word' id='word_1_194' title='bbox 988 3080 1215 3141; x_wconf 82' lang='lat' dir='ltr'><strong>Gissur</strong></span> <span class='ocrx_word' id='word_1_195' title='bbox 1242 3080 1600 3159; x_wconf 78' lang='lat' dir='ltr'><strong>Thingoras</strong></span> <span class='ocrx_word' id='word_1_196' title='bbox 1644 3082 1950 3161; x_wconf 70' lang='lat' dir='ltr'><strong>aaucepst,</strong></span> <span class='ocrx_word' id='word_1_197' title='bbox 1994 3082 2061 3142; x_wconf 89' lang='lat' dir='ltr'><strong>id</strong></span> <span class='ocrx_word' id='word_1_198' title='bbox 2098 3100 2175 3143; x_wconf 91' lang='lat' dir='ltr'><strong>eo</strong></span> <span class='ocrx_word' id='word_1_199' title='bbox 2208 3099 2357 3166; x_wconf 77' lang='lat' dir='ltr'><strong>con·</strong></span> 
     </span>
     <span class='ocr_line' id='line_1_27' title="bbox 342 3182 2354 3265; baseline -0.002 -18"><span class='ocrx_word' id='word_1_200' title='bbox 342 3186 491 3247; x_wconf 80' lang='lat' dir='ltr'><strong>silio</strong></span> <span class='ocrx_word' id='word_1_201' title='bbox 534 3185 774 3246; x_wconf 78' lang='lat' dir='ltr'><strong>factum</strong></span> <span class='ocrx_word' id='word_1_202' title='bbox 820 3203 962 3246; x_wconf 85' lang='lat' dir='ltr'><strong>esse</strong></span> <span class='ocrx_word' id='word_1_203' title='bbox 994 3185 1377 3265; x_wconf 72' lang='lat' dir='ltr'><strong>judicamn8‚</strong></span> <span class='ocrx_word' id='word_1_204' title='bbox 1425 3190 1496 3245; x_wconf 83' lang='lat' dir='ltr'><strong>ut</strong></span> <span class='ocrx_word' id='word_1_205' title='bbox 1536 3185 1816 3263; x_wconf 85' lang='lat' dir='ltr'><strong>priorem</strong></span> <span class='ocrx_word' id='word_1_206' title='bbox 1859 3188 2104 3260; x_wconf 87' lang='lat' dir='ltr'><strong>partem</strong></span> <span class='ocrx_word' id='word_1_207' title='bbox 2148 3182 2354 3244; x_wconf 83' lang='lat' dir='ltr'><strong>histo·</strong></span> 
     </span>
     <span class='ocr_line' id='line_1_28' title="bbox 341 3285 2356 3365; baseline -0.002 -15"><span class='ocrx_word' id='word_1_208' title='bbox 341 3291 458 3350; x_wconf 84' lang='lat' dir='ltr'><strong>riae</strong></span> <span class='ocrx_word' id='word_1_209' title='bbox 501 3288 822 3352; x_wconf 87' lang='lat' dir='ltr'><strong>Sverreris</strong></span> <span class='ocrx_word' id='word_1_210' title='bbox 868 3308 902 3348; x_wconf 86' lang='lat' dir='ltr'><strong>a</strong></span> <span class='ocrx_word' id='word_1_211' title='bbox 944 3288 1173 3351; x_wconf 87' lang='lat' dir='ltr'><strong>Carolo</strong></span> <span class='ocrx_word' id='word_1_212' title='bbox 1216 3288 1442 3350; x_wconf 85' lang='lat' dir='ltr'><strong>abbate</strong></span> <span class='ocrx_word' id='word_1_213' title='bbox 1484 3285 1896 3365; x_wconf 79' lang='lat' dir='ltr'><strong>compositam</strong></span> <span class='ocrx_word' id='word_1_214' title='bbox 1940 3285 2356 3358; x_wconf 78' lang='lat' dir='ltr'><strong>exscriberet,</strong></span> 
     </span>
     <span class='ocr_line' id='line_1_29' title="bbox 336 3389 2358 3473; baseline -0 -19"><span class='ocrx_word' id='word_1_215' title='bbox 336 3392 702 3473; x_wconf 83' lang='lat' dir='ltr'><strong>deindeque</strong></span> <span class='ocrx_word' id='word_1_216' title='bbox 746 3393 1184 3466; x_wconf 84' lang='lat' dir='ltr'><strong>continuaret,</strong></span> <span class='ocrx_word' id='word_1_217' title='bbox 1242 3393 1556 3473; x_wconf 81' lang='lat' dir='ltr'><strong>simulque</strong></span> <span class='ocrx_word' id='word_1_218' title='bbox 1599 3397 1671 3453; x_wconf 88' lang='lat' dir='ltr'><strong>ut</strong></span> <span class='ocrx_word' id='word_1_219' title='bbox 1718 3390 1967 3471; x_wconf 78' lang='lat' dir='ltr'><strong>plenius</strong></span> <span class='ocrx_word' id='word_1_220' title='bbox 2011 3389 2088 3450; x_wconf 88' lang='lat' dir='ltr'><strong>ab</strong></span> <span class='ocrx_word' id='word_1_221' title='bbox 2131 3390 2358 3453; x_wconf 78' lang='lat' dir='ltr'><strong>abbate</strong></span> 
     </span>
     <span class='ocr_line' id='line_1_30' title="bbox 344 3493 2357 3576; baseline -0 -19"><span class='ocrx_word' id='word_1_222' title='bbox 344 3497 426 3558; x_wconf 88' lang='lat' dir='ltr'><strong>de</strong></span> <span class='ocrx_word' id='word_1_223' title='bbox 469 3497 748 3558; x_wconf 71' lang='lat' dir='ltr'><strong>moribus</strong></span> <span class='ocrx_word' id='word_1_224' title='bbox 795 3503 861 3558; x_wconf 87' lang='lat' dir='ltr'><strong>et</strong></span> <span class='ocrx_word' id='word_1_225' title='bbox 902 3497 1026 3558; x_wconf 85' lang='lat' dir='ltr'><strong>vita</strong></span> <span class='ocrx_word' id='word_1_226' title='bbox 1071 3498 1239 3576; x_wconf 82' lang='lat' dir='ltr'><strong>regis</strong></span> <span class='ocrx_word' id='word_1_227' title='bbox 1282 3498 1605 3559; x_wconf 86' lang='lat' dir='ltr'><strong>Sverreris</strong></span> <span class='ocrx_word' id='word_1_228' title='bbox 1650 3495 2048 3558; x_wconf 84' lang='lat' dir='ltr'><strong>edoceretur.</strong></span> <span class='ocrx_word' id='word_1_229' title='bbox 2131 3493 2357 3574; x_wconf 88' lang='lat' dir='ltr'><strong>Neque</strong></span> 
     </span>
     <span class='ocr_line' id='line_1_31' title="bbox 341 3599 2355 3680; baseline -0 -19"><span class='ocrx_word' id='word_1_230' title='bbox 341 3602 532 3664; x_wconf 82' lang='lat' dir='ltr'><strong>facile</strong></span> <span class='ocrx_word' id='word_1_231' title='bbox 585 3603 712 3663; x_wconf 82' lang='lat' dir='ltr'><strong>fuit</strong></span> <span class='ocrx_word' id='word_1_232' title='bbox 767 3602 871 3662; x_wconf 87' lang='lat' dir='ltr'><strong>his</strong></span> <span class='ocrx_word' id='word_1_233' title='bbox 931 3602 1324 3680; x_wconf 82' lang='lat' dir='ltr'><strong>temporibus</strong></span> <span class='ocrx_word' id='word_1_234' title='bbox 1369 3620 1447 3663; x_wconf 84' lang='lat' dir='ltr'><strong>ex</strong></span> <span class='ocrx_word' id='word_1_235' title='bbox 1503 3599 2188 3679; x_wconf 79' lang='lat' dir='ltr'><strong>lalandis‘quiaquam,</strong></span> <span class='ocrx_word' id='word_1_236' title='bbox 2247 3618 2355 3660; x_wconf 77' lang='lat' dir='ltr'><strong>ex-</strong></span> 
     </span>
     <span class='ocr_line' id='line_1_32' title="bbox 342 3701 2358 3786; baseline -0.001 -19"><span class='ocrx_word' id='word_1_237' title='bbox 342 3711 531 3786; x_wconf 87' lang='lat' dir='ltr'><strong>cepto</strong></span> <span class='ocrx_word' id='word_1_238' title='bbox 576 3706 841 3767; x_wconf 80' lang='lat' dir='ltr'><strong>Gissure</strong></span> <span class='ocrx_word' id='word_1_239' title='bbox 885 3705 1058 3765; x_wconf 84' lang='lat' dir='ltr'><strong>Halli</strong></span> <span class='ocrx_word' id='word_1_240' title='bbox 1100 3705 1186 3778; x_wconf 77' lang='lat' dir='ltr'><strong>f..</strong></span> <span class='ocrx_word' id='word_1_241' title='bbox 1230 3704 1484 3784; x_wconf 82' lang='lat' dir='ltr'><strong>Sigurdi</strong></span> <span class='ocrx_word' id='word_1_242' title='bbox 1519 3703 1799 3764; x_wconf 80' lang='lat' dir='ltr'><strong>Branchi</strong></span> <span class='ocrx_word' id='word_1_243' title='bbox 1843 3701 2158 3781; x_wconf 86' lang='lat' dir='ltr'><strong>quondam</strong></span> <span class='ocrx_word' id='word_1_244' title='bbox 2197 3703 2358 3765; x_wconf 78' lang='lat' dir='ltr'><strong>anlae</strong></span> 
     </span>
     <span class='ocr_line' id='line_1_33' title="bbox 341 3805 2353 3889; baseline 0 -19"><span class='ocrx_word' id='word_1_245' title='bbox 341 3810 668 3888; x_wconf 79' lang='lat' dir='ltr'><strong>magistro,</strong></span> <span class='ocrx_word' id='word_1_246' title='bbox 715 3810 826 3889; x_wconf 85' lang='lat' dir='ltr'><strong>qui</strong></span> <span class='ocrx_word' id='word_1_247' title='bbox 870 3806 1061 3888; x_wconf 60' lang='lat' dir='ltr'><strong>hujus</strong></span> <span class='ocrx_word' id='word_1_248' title='bbox 1106 3807 1578 3871; x_wconf 84' lang='lat' dir='ltr'><strong>consvetudinis</strong></span> <span class='ocrx_word' id='word_1_249' title='bbox 1622 3812 1690 3867; x_wconf 82' lang='lat' dir='ltr'><strong>et</strong></span> <span class='ocrx_word' id='word_1_250' title='bbox 1731 3805 1970 3886; x_wconf 77' lang='lat' dir='ltr'><strong>ingenii</strong></span> <span class='ocrx_word' id='word_1_251' title='bbox 2015 3806 2353 3887; x_wconf 78' lang='lat' dir='ltr'><strong>imaginem</strong></span> 
     </span>
     <span class='ocr_line' id='line_1_34' title="bbox 339 3907 2359 3994; baseline -0 -20"><span class='ocrx_word' id='word_1_252' title='bbox 339 3920 469 3974; x_wconf 86' lang='lat' dir='ltr'><strong>tam</strong></span> <span class='ocrx_word' id='word_1_253' title='bbox 515 3920 734 3975; x_wconf 81' lang='lat' dir='ltr'><strong>exacte</strong></span> <span class='ocrx_word' id='word_1_254' title='bbox 778 3914 1135 3993; x_wconf 83' lang='lat' dir='ltr'><strong>exprimere</strong></span> <span class='ocrx_word' id='word_1_255' title='bbox 1176 3912 1497 3994; x_wconf 85' lang='lat' dir='ltr'><strong>potuerit,</strong></span> <span class='ocrx_word' id='word_1_256' title='bbox 1556 3918 1628 3971; x_wconf 89' lang='lat' dir='ltr'><strong>ut</strong></span> <span class='ocrx_word' id='word_1_257' title='bbox 1688 3910 1757 3970; x_wconf 89' lang='lat' dir='ltr'><strong>in</strong></span> <span class='ocrx_word' id='word_1_258' title='bbox 1802 3908 1942 3971; x_wconf 88' lang='lat' dir='ltr'><strong>cod.</strong></span> <span class='ocrx_word' id='word_1_259' title='bbox 1987 3907 2359 3989; x_wconf 77' lang='lat' dir='ltr'><strong>Flateyensi</strong></span> 
     </span>
     <span class='ocr_line' id='line_1_35' title="bbox 339 4013 2359 4099; baseline -0.002 -22"><span class='ocrx_word' id='word_1_260' title='bbox 339 4013 821 4094; x_wconf 84' lang='lat' dir='ltr'><strong>(consentiente</strong></span> <span class='ocrx_word' id='word_1_261' title='bbox 881 4018 1236 4099; x_wconf 82' lang='lat' dir='ltr'><strong>fragmento</strong></span> <span class='ocrx_word' id='word_1_262' title='bbox 1296 4015 1427 4090; x_wconf 80' lang='lat'>14.)</span> <span class='ocrx_word' id='word_1_263' title='bbox 1494 4013 1733 4075; x_wconf 83' lang='lat' dir='ltr'><strong>factum</strong></span> <span class='ocrx_word' id='word_1_264' title='bbox 1809 4019 1945 4087; x_wconf 85' lang='lat' dir='ltr'><strong>est,</strong></span> <span class='ocrx_word' id='word_1_265' title='bbox 2016 4014 2163 4076; x_wconf 83' lang='lat' dir='ltr'><strong>vide</strong></span> <span class='ocrx_word' id='word_1_266' title='bbox 2228 4033 2359 4074; x_wconf 81' lang='lat' dir='ltr'><strong>var.</strong></span> 
     </span>
     <span class='ocr_line' id='line_1_36' title="bbox 338 4115 2360 4202; baseline -0.003 -23"><span class='ocrx_word' id='word_1_267' title='bbox 338 4118 493 4182; x_wconf 81' lang='lat' dir='ltr'><strong>lect.</strong></span> <span class='ocrx_word' id='word_1_268' title='bbox 536 4120 615 4181; x_wconf 85' lang='lat' dir='ltr'><strong>ad</strong></span> <span class='ocrx_word' id='word_1_269' title='bbox 676 4140 813 4202; x_wconf 88' lang='lat' dir='ltr'><strong>cap.</strong></span> <span class='ocrx_word' id='word_1_270' title='bbox 859 4122 1004 4183; x_wconf 82' lang='lat'>181.</span> <span class='ocrx_word' id='word_1_271' title='bbox 1106 4122 1406 4183; x_wconf 80' lang='lat' dir='ltr'><strong>Ceterum</strong></span> <span class='ocrx_word' id='word_1_272' title='bbox 1465 4120 1693 4183; x_wconf 82' lang='lat' dir='ltr'><strong>Gissnr</strong></span> <span class='ocrx_word' id='word_1_273' title='bbox 1757 4118 1930 4178; x_wconf 76' lang='lat' dir='ltr'><strong>filius</strong></span> <span class='ocrx_word' id='word_1_274' title='bbox 1988 4124 2127 4179; x_wconf 86' lang='lat' dir='ltr'><strong>erat</strong></span> <span class='ocrx_word' id='word_1_275' title='bbox 2185 4115 2360 4175; x_wconf 87' lang='lat' dir='ltr'><strong>Halli</strong></span> 
     </span>
     <span class='ocr_line' id='line_1_37' title="bbox 338 4212 2359 4304; baseline 0.003 -21"><span class='ocrx_word' id='word_1_276' title='bbox 338 4220 653 4301; x_wconf 78' lang='lat' dir='ltr'><strong>Teitidae,</strong></span> <span class='ocrx_word' id='word_1_277' title='bbox 713 4225 1067 4289; x_wconf 80' lang='lat' dir='ltr'><strong>sacerdotis</strong></span> <span class='ocrx_word' id='word_1_278' title='bbox 1112 4223 1337 4304; x_wconf 76' lang='lat' dir='ltr'><strong>inclyti</strong></span> <span class='ocrx_word' id='word_1_279' title='bbox 1379 4229 1446 4287; x_wconf 87' lang='lat' dir='ltr'><strong>et</strong></span> <span class='ocrx_word' id='word_1_280' title='bbox 1490 4222 1778 4304; x_wconf 83' lang='lat' dir='ltr'><strong>episcopi</strong></span> <span class='ocrx_word' id='word_1_281' title='bbox 1818 4217 2172 4296; x_wconf 74' lang='lat' dir='ltr'><strong>designati,</strong></span> <span class='ocrx_word' id='word_1_282' title='bbox 2218 4212 2359 4275; x_wconf 71' lang='lat' dir='ltr'><strong>Affi</strong></span> 
     </span>
    </p>
   </div>
  </div>
 </body>
</html>
