2950 4709
1582 335 1727 401 V111

642 529 863 586 auctor
902 520 1029 584 fun
1073 518 1336 582 Carolus
1378 520 1671 594 Jonaeus,
1716 520 1906 581 abbas
1951 523 2322 584 monasterii
2363 521 2649 603 Thingo-

640 629 776 689 rani
821 627 899 687 ab
958 643 1121 685 auno
1171 625 1335 685 1169
1377 641 1429 684 s.
1478 623 1665 683 1170.
1754 625 1876 702 Qui
1937 643 2079 686 cum
2132 643 2294 686 anno
2350 627 2514 686 1181
2577 646 2649 689 se

639 731 882 792 abbatia
943 727 1157 789 officio
1218 728 1607 800 abdicasset,
1677 743 1840 788 anno
1904 727 2071 790 1185
2138 729 2204 789 in
2272 729 2649 809 Norvegiam

636 836 910 913 trajecit,
952 831 1062 893 ubi
1103 831 1354 892 videtur
1395 831 1474 890 ad
1522 847 1751 891 aunum
1799 832 1965 893 1187
2006 839 2466 908 commoratus,
2522 850 2647 913 quo

637 956 801 998 anuo
843 938 911 998 in
954 934 1290 997 islandiam
1333 952 1625 996 reversus
1670 936 1912 998 abbatis
1957 936 2239 997 officium
2273 938 2505 998 iterum
2539 954 2646 997 su-

636 1041 843 1120 scepit
901 1038 1096 1114 (Hist.
1157 1037 1312 1098 eccl.
1362 1037 1468 1099 Isl.
1530 1037 1714 1099 Tom.
1756 1035 1819 1100 4.
1874 1061 1939 1120 p.
1981 1041 2117 1116 81).
2222 1041 2341 1102 His
2399 1040 2644 1101 duobus

635 1146 818 1205 annis
878 1140 1202 1214 1185—-6,
1260 1140 1558 1201 1186-27
1620 1143 1872 1204 videtur
1927 1144 2261 1219 ¹historiam
2322 1144 2643 1206 Sverreris

635 1245 1129 1324 conscripsisse,
1185 1250 1251 1305 et
1292 1244 1369 1307 ad
1431 1262 1661 1306 aunum
1712 1247 1876 1306 1184
1919 1244 2063 1325 (lin.
2109 1266 2244 1325 cap.
2291 1242 2469 1325 loo.)
2532 1246 2644 1308 de-

634 1349 909 1410 duxisse.
1015 1347 1280 1408 Brevior
1326 1347 1615 1409 historiae
1669 1350 1968 1429 prologus
2025 1350 2376 1427 significat,
2434 1351 2642 1428 ipsum

630 1471 847 1532 regem
905 1450 1133 1511 Carolo
1194 1461 1298 1511 res
1374 1452 1808 1514 conscribenti
1880 1453 2237 1527 adsedisse,
2301 1472 2641 1532 rerumque

632 1554 1233 1618 conscribendarum
1278 1559 1602 1618 auctorem
1647 1556 1880 1631 fuisse3
1927 1557 2176 1635 longior
2220 1561 2427 1617 autem
2473 1576 2638 1636 prae-

630 1661 789 1721 satio
831 1660 1094 1721 aliorum
1139 1659 1420 1719 virorum
1464 1657 1621 1721 facit
1670 1660 2090 1733 mentionem,
2156 1659 2266 1738 qui
2306 1659 2639 1721 historiam

630 1764 825 1844 primi
870 1763 1402 1842 conscripserint,
1456 1781 1614 1843 quos
1658 1770 1941 1827 secutum
1988 1761 2282 1823 carolum
2326 1764 2638 1838 abbatem,

628 1887 779 1946 rege
824 1866 1126 1926 Sverrere
1158 1865 1430 1941 jubente
1475 1886 1816 1946 rerumque
1875 1865 2350 1927 scribendarum
2397 1885 2468 1927 ac
2511 1867 2639 1927 dis-

625 1969 1057 2050 ponendarum
1129 1967 1409 2042 arbitro,
1481 1970 1670 2029 vitam
1743 1970 1880 2048 ejus
1963 1970 2415 2050 composuisse.
2538 1970 2633 2029 Ex

628 2074 856 2153 quibus
900 2070 1113 2148 colligi
1160 2076 1393 2149 potest,
1434 2090 1649 2151 regem
1694 2073 2095 2146 Sverrerem,
2156 2075 2260 2153 qui
2308 2074 2445 2151 ipse
2487 2073 2632 2134 lite·

625 2177 718 2237 ris
773 2175 1051 2236 imbutus
1106 2174 1271 2250 fuit,
1325 2176 1636 2255 librisque
1689 2176 2167 2238 conscribendis
2221 2195 2476 2257 operam
2522 2176 2632 2237 de·-

625 2280 799 2341 disse
842 2284 1136 2359 putatur,
1177 2286 1285 2342 aut
1325 2280 1535 2359 ipsum
1579 2279 1862 2359 quaedam
1908 2278 1988 2339 ad
2031 2281 2220 2341 vitam
2268 2298 2441 2341 suam
2484 2297 2633 2358 per-

623 2386 894 2445 tinentia
932 2383 1141 2444 literis
1187 2384 1552 2458 mandasse,
1609 2389 1719 2444 aut
1777 2385 1917 2446 aliis
1976 2402 2227 2464 quoque
2282 2383 2349 2446 id
2392 2383 2633 2463 negotii

623 2487 913 2560 dedisse,
975 2492 1047 2546 ut
1100 2506 1315 2548 rernm
1375 2488 1452 2548 ab
1497 2507 1568 2549 se
1610 2495 1927 2567 gestarum
1973 2495 2291 2550 momenta
2335 2505 2634 2549 successu

621 2591 931 2669 temporis
976 2589 1373 2664 deliberent,
1430 2593 1765 2671 eidemque
1809 2593 1957 2654 dein
2000 2593 2349 2673 placuisse,
2408 2609 2484 2651 ex
2528 2589 2630 2649 his

622 2693 892 2753 diversis
967 2696 1438 2755 commentariis
1506 2696 1903 2757 subtiliorem
1960 2696 2231 2773 aliquam
2296 2693 2630 2753 historiam

622 2798 699 2858 ab
761 2796 949 2856 docto
1015 2797 1221 2875 aliquo
1267 2797 1518 2857 Islando
1562 2799 1903 2868 conscribi,
1949 2796 2472 2875 quemadmodum
2520 2794 2630 2855 alii

621 2898 905 2978 ejusdem
969 2903 1158 2959 terrae
1214 2900 1381 2960 cives
1429 2898 1535 2977 (nt
1577 2901 1767 2961 Arius
1812 2908 1877 2961 et
1918 2899 2325 2972 Saemundus‚
2381 2898 2631 2978 polyhi⁴

619 3004 853 3071 stores)
914 3003 1312 3080 superiorum
1372 3002 1706 3082 Norvegiae
1759 3023 1978 3082 regum
2035 3006 2192 3065 vitas
2248 3002 2627 3081 descripsis-

620 3115 783 3170 sent.
875 3106 1057 3184 Quod
1103 3120 1178 3167 eo
1223 3106 1612 3184 probabilius
1657 3108 2004 3169 existimari
2049 3108 2271 3180 debet,
2314 3104 2483 3184 quod
2526 3103 2627 3165 hia

618 3213 816 3274 storia
860 3211 1139 3291 Sigurdi‚
1184 3210 1341 3290 lngii
1386 3217 1453 3270 et
1486 3209 1813 3286 Eysteiuis
1857 3211 2023 3272 haud
2071 3212 2339 3273 obscure
2380 3211 2625 3281 innuat,

616 3333 831 3394 regem
887 3315 1254 3376 Sverrerem
1314 3311 1599 3394 quaedam
1660 3313 1738 3374 ad
1793 3316 1978 3377 vitam
2036 3315 2359 3392 Eysteinis
2415 3312 2626 3391 patrui

617 3419 719 3478 sui
760 3417 1146 3497 pertinentia
1202 3417 1407 3477 literis
1470 3415 1751 3479 mandari
1796 3417 2070 3497 jussisse
2113 3417 2275 3493 (Ser.
2319 3417 2472 3479 hist.
2516 3416 2622 3477 lsl.

617 3519 761 3583 Vol.
805 3521 869 3580 7.
913 3540 974 3600 p.
1017 3519 1188 3593 24⁴).

678 3635 681 3640 ·
758 3617 943 3700 'Quis
989 3623 1406 3702 posteriorem
1452 3630 1695 3703 partem
1740 3623 2031 3688 historiae
2075 3624 2396 3689 Sverreris
2437 3647 2474 3688 a
2517 3647 2621 3690 ca-

615 3729 752 3807 pite
782 3727 960 3802 1⁰1„
1006 3745 1186 3807 qnam
1235 3732 1475 3803 partem
1515 3727 1710 3788 latino
1754 3729 2053 3791 vocabulo
2092 3733 2449 3811 perfectam
2473 3733 2623 3807 sor-

619 3831 967 3892 titudz‘nem
1011 3828 1380 3908 appellatam
1428 3847 1570 3892 esse
1620 3830 1806 3894 docet
1850 3834 2147 3913 prologus
2194 3836 2335 3896 cod.
2366 3836 2619 3912 Flatey-

617 3936 825 4008 ensis,
887 3933 1379 4011 conscripserit,
1435 3933 1516 3993 ad
1577 3934 1699 3995 hoc
1744 3938 1994 4015 quidem
2041 3947 2290 4017 tempus
2334 3938 2619 4016 ignotum

615 4037 760 4099 fuit.
862 4038 989 4099 Sed
1061 4035 1248 4116 hujus
1328 4038 1605 4099 auctoris
1667 4058 1897 4102 nomen
1957 4042 2271 4104 contineri
2327 4048 2618 4118 putamus

618 4140 1045 4224 adscriptione
1121 4140 1360 4204 codicis
1435 4142 1533 4219 A,
1613 4141 1798 4213 „Hoc
1864 4164 2028 4227 opus
2094 4147 2334 4207 isserus
2381 4147 2615 4225 fecie’.
