2950 4709
383 333 458 400 ο.
484 332 746 406 117-13,
835 337 1206 422 ms‘roma
1250 293 1479 390 :iners
1531 317 1972 408 svnnnmus.
2228 311 2399 402 197

382 531 621 598 autem
684 524 829 596 mei
872 530 1180 615 gestant
1256 543 1450 596 arma
1530 529 1926 617 vestesque
2008 524 2389 616 pretiosaS,

379 625 560 717 ipsis
610 620 998 716 peculiaria
1049 632 1236 710 sunt,
1288 643 1381 693 ne
1432 644 1575 694 uno
1629 622 1916 716 quidem
1955 621 2246 694 numulo
2272 641 2387 694 ra·-

379 730 506 816 pto
556 721 962 812 conciliata3
1014 721 1255 811 iidem,
1307 744 1733 818 quocunque
1772 727 2085 810 veniant,
2134 730 2388 815 pacate

378 843 465 894 se
517 833 797 932 gerunt.
912 823 1014 895 At
1076 845 1291 897 vero
1325 845 1466 894 non
1516 823 1894 895 honestum
1937 821 2388 914 judicabitur,

379 925 445 994 si
495 903 677 995 fama
727 923 819 994 ad
872 933 1198 1007 exteros,
1229 926 1658 1010 manaverit,
1725 925 1798 992 in
1864 922 2387 1017 archiepiscopi

377 1043 522 1094 non
574 1045 750 1099 esse
800 1033 1199 1118 potestate,
1266 1028 1384 1098 cui
1452 1023 1713 1095 cibaria
1772 1033 2170 1118 vestesque
2226 1023 2385 1111 det3

377 1143 539 1195 cum
590 1128 694 1196 tui
741 1124 1100 1217 praefecti,
1171 1147 1354 1220 quos
1405 1147 1446 1195 a
1498 1122 1949 1195 mendicitate
2000 1124 2385 1208 retraxisti,

377 1234 675 1316 quantas
723 1223 946 1297 velint
996 1224 1338 1306 cohortes
1388 1224 1716 1311 habeant,
1768 1224 2072 1296 colonos
2123 1243 2383 1316 aggre-

230 1346 246 1359 ·
378 1323 682 1411 diantur,
731 1324 1108 1419 cibumque
1163 1335 1237 1397 et
1287 1329 1711 1397 cerevisiam
1763 1344 1897 1418 per
1928 1328 2065 1394 vim
2096 1328 2383 1418 impune

377 1429 877 1519 extorqueant,
927 1428 1228 1519 ipseque
1279 1446 1681 1519 possessor
1729 1427 1905 1496 satis
1954 1424 2232 1495 hahere
2260 1443 2383 1494 co-

377 1533 621 1614 gatur,
673 1545 757 1594 se
808 1524 1109 1618 reliquis
1159 1546 1302 1595 non
1352 1524 1665 1617 spoliari.
1757 1523 1944 1599 Tum
1991 1544 2125 1594 rex
2158 1522 2381 1595 Sver-

373 1641 526 1693 rer
541 1622 951 1716 postulavit,
1002 1632 1080 1694 ut
1114 1645 1237 1695 res
1264 1623 1435 1717 lege
1467 1625 1946 1710 decideretur,
1990 1623 2381 1718 colonique

373 1726 769 1795 sententias
838 1725 1162 1795 dicerent
1229 1734 1302 1796 et
1375 1726 1771 1796 secundum
1845 1722 2057 1816 leges
2125 1722 2383 1795 civiles

372 1824 809 1916 judicarent,
877 1834 1050 1919 quot
1109 1825 1549 1897 domesticos
1598 1828 1984 1919 stipatores
2034 1823 2381 1944 archiepi-
2463 1864 2470 1867 -

370 1945 601 2017 scopo
653 1924 923 1996 habere
978 1923 1250 1996 liceret.
1365 1925 1534 2017 Quo
1587 1926 1775 1997 facto
1825 1947 2002 2012 rex,
2069 1927 2380 2019 quinque

373 2023 648 2095 dierum
700 2029 929 2119 spatio
984 2025 1170 2111 dato,
1224 2026 1469 2113 edixit,
1522 2038 1622 2115 ut,
1674 2030 1738 2098 si
1792 2030 1911 2121 qui
1963 2047 2121 2097 cum
2152 2023 2379 2096 archi-

373 2127 718 2218 episcopo
785 2136 1247 2198 versarentur
1312 2149 1529 2221 supra
1579 2147 1950 2199 numerum
2000 2128 2071 2195 in
2123 2124 2378 2197 codice

289 2234 297 2240 “
368 2228 883 2319 praescriptum,
935 2235 1102 2319 post
1155 2230 1462 2322 quintum
1520 2228 1756 2299 diem
1737 2252 1809 2297 ιιι
1848 2225 2135 2298 exilium
2169 2228 2378 2311 irent,

369 2322 675 2395 fortunis
725 2347 812 2396 ac
860 2328 1247 2397 securitate
1297 2327 1660 2413 multandi,
1713 2347 1997 2420 quoque
2033 2325 2198 2396 loco
2250 2326 2377 2394 de·

370 2421 714 2515 prehensi
765 2433 1035 2510 essent,
1086 2428 1368 2517 impune
1405 2426 1803 2497 occidendi.
1884 2423 2051 2516 Quo
2087 2426 2375 2516 cognito

368 2521 950 2617 archiepiscopus
976 2540 1227 2615 magua
1278 2524 1728 2597 festinatione
1777 2528 1917 2595 iter
1970 2546 2061 2595 ex
2113 2523 2376 2618 oppido

370 2627 824 2716 comparavit,
874 2627 1031 2695 suis
1083 2623 1407 2697 omnibus
1457 2626 1804 2712 abductiS,
1856 2643 2175 2718 quasque
2208 2644 2375 2694 nan-

367 2724 545 2793 cisci
610 2732 891 2817 poterat
956 2729 1280 2818 pecuniis
1338 2747 1584 2798 secum
1657 2725 1980 2799 sublatis.
2086 2722 2376 2801 Relicto

368 2823 658 2915 oppido,
709 2824 1075 2895 meridiem
1128 2847 1388 2899 versus
1415 2825 1727 2920 BergaS,
1778 2827 2090 2920 indeque
2122 2828 2193 2896 in
2224 2823 2375 2894 Da·

365 2924 544 3008 niam
597 2924 688 2994 ad
738 2925 1349 3020 archiepiscopum
1397 2926 1839 3000 Absalonem
1903 2947 1987 2997 se
2058 2923 2376 3010 contulit,

365 3042 410 3093 a
460 3046 602 3118 quo
655 3024 1048 3098 liberaliter
1101 3036 1495 3120 exceptuS,
1560 3028 1659 3098 ibi
1727 3029 1848 3098 diu
1899 3034 2376 3098 commoratus

366 3131 506 3210 est,
557 3123 866 3215 benigne
917 3125 1247 3202 habitus.x
1317 3125 1933 3221 Archiepiscopus
1959 3123 2251 3196 Eirikus
2282 3143 2398 3206 eo

365 3222 597 3292 morbi
648 3244 922 3315 genere
972 3224 1348 3317 implicitus
1402 3235 1537 3313 est,
1588 3235 1668 3298 ut
1716 3224 2087 3302 oculorum
2117 3224 2375 3297 lumina

364 3326 743 3412 amitteret,
796 3343 1183 3418 caecusque
1232 3324 1458 3396 fieret.

880 3425 1005 3498 De
1057 3423 1385 3522 Siffltrdo
1433 3445 1638 3524 requ-
1582 3424 1856 3520 ‘filia

570 3521 737 3594 118.
838 3524 1122 3614 Halkel,
1174 3527 1362 3600 filius
1412 3526 1622 3600 Jonis
1648 3524 2077 3612 Halkelidae,
2127 3527 2197 3595 in
2226 3545 2371 3595 ma·

366 3625 697 3696 trimonio
731 3613 974 3697 habuit
1005 3626 1453 3720 Ragnildam,
1505 3628 1716 3700 filiam
1744 3627 2024 3719 Erlingi
2048 3626 2370 3718 dynastae

365 3735 445 3800 et
491 3723 832 3795 Kristinae
884 3731 1083 3819 regis
1134 3728 1317 3799 filiae.
1417 3728 1492 3800 ls
1527 3751 1684 3802 cum
1714 3727 2039 3822 pluribus
2074 3745 2369 3796 consor-

363 3826 553 3898 tibus
584 3828 1179 3918 conspirationem
1232 3829 1427 3915 fecit,
1478 3850 1635 3901 cum
1688 3828 1903 3924 paulo
1950 3837 2157 3898 antea
2187 3847 2369 3919 prae-

363 3925 639 3998 fectur'a
663 3924 1127 4022 praefectique
1168 3930 1504 4021 dignitate
1540 3940 1614 4001 et
1641 3929 2041 4023 privilegiis
2070 3927 2158 3999 ab
2188 3946 2370 4018 rege

363 4023 724 4098 Sverrere
778 4037 1071 4099 ornatus
1121 4028 1398 4101 fuisset.
1503 4028 1860 4120 Sigurdus
1905 4049 2165 4101 nomen
2218 4034 2373 4100 erat

363 4124 511 4202 filio
564 4124 840 4221 Erlingi
893 4127 1257 4222 dynastae,
1331 4151 1425 4203 ex
1475 4129 1740 4225 pellice
1790 4141 2133 4225 suscepto
2156 4183 2178 4217 ,
2250 4130 2369 4224 qui

2655 4231 2943 4699 Δ
