2950 4709
566 358 736 449 102
997 385 1361 434 ms‘ronu
1416 384 1641 434 ancus
1697 381 2133 433 svssmmms.
2249 378 2324 443 c,
2355 377 2571 442 58.59,

563 570 1141 662 capessiverunt.
1201 570 1505 662 quinimo
1556 570 1783 660 primo
1827 570 1967 658 jam
2020 564 2268 660 praelio
2321 584 2409 635 se
2464 563 2570 633 vi-

565 671 859 739 ctoriam
910 667 1232 739 manibus
1283 671 1602 759 attigisse
1656 667 2010 760 putabant,
2066 668 2362 736 maxime
2419 683 2577 749 eam

563 767 657 840 ob
710 789 1015 854 causam,
1070 769 1260 863 quod
1312 767 1772 838 Birkibeinos
1823 788 2082 859 pugnae
2121 764 2395 835 navalis
2446 764 2573 832 mi-

563 889 699 938 nus
766 872 1041 961 peritos
1106 877 1468 961 putarent:
1556 887 1854 960 namque
1924 876 2132 936 antea
2199 864 2573 957 aliquando

565 969 947 1054 acciderat,
998 977 1077 1039 ut
1124 969 1197 1038 hi
1249 971 1320 1038 in
1371 967 1685 1063 partibus
1720 959 2135 1037 borealibus
2187 973 2347 1034 ante
2380 962 2574 1034 Gau-
2686 953 2699 966 '

565 1065 907 1139 larasum1
996 1068 1223 1139 navali
1297 1066 1548 1161 praelio
1630 1069 1948 1160 superati
2024 1065 2312 1156 fugam
2345 1066 2575 1155 cepis-

564 1178 746 1238 sent.
850 1166 1019 1237 Rex
1069 1165 1383 1239 Sverrer
1447 1171 1752 1237 maxima
1816 1165 2185 1237 celeritate
2253 1167 2392 1234 iter
2445 1161 2573 1240 lxo-,-

563 1289 761 1339 ream
823 1287 1086 1337 versus
1153 1268 1459 1354 faciens,
1545 1265 2145 1337 Thrandheimico
2231 1266 2393 1334 sinu
2472 1265 2575 1332 in-

564 1375 750 1440 trato
814 1367 1242 1438 Nidarosum
1312 1370 1677 1459 pervenit,
1761 1367 1921 1436 ubi.
1970 1365 2160 1436 bene
2230 1372 2577 1455 exceptus

569 1476 700 1538 est.
800 1465 958 1538 Huc
1008 1467 1382 1538 subductis
1433 1467 1755 1558 navibuS,
1807 1487 1892 1536 se
1945 1469 2016 1535 in
2068 1464 2331 1557 oppido
2385 1484 2576 1533 com-

565 1588 820 1660 parare
871 1570 1202 1639 instituit:
1267 1578 1408 1639 tum
1460 1588 1591 1636 arx
1641 1566 1918 1658 lignea,
1970 1586 2174 1660 quam
2227 1562 2576 1655 archiepi-

566 1688 836 1760 scopus
900 1668 1204 1760 Eystein
1267 1668 1358 1739 ad
1427 1688 1720 1761 campos
1788 1665 2003 1737 llaeos
2074 1664 2579 1734 exstruendam

569 1777 983 1854 curaverat,
1062 1768 1444 1861 diligenter
1494 1777 1886 1839 restaurata
1939 1775 2070 1838 est.
2171 1761 2347 1834 Tum
2401 1784 2577 1856 quo-

569 1888 711 1960 que
781 1889 920 1937 rex
987 1864 1308 1939 Sverrer
1373 1868 1578 1960 palos
1648 1867 1737 1937 ab
1807 1889 1974 1938 arce
2028 1886 2160 1961 per
2213 1866 2579 1933 exteriora

567 1967 963 2037 seeundum
1029 1989 1222 2042 mare
1278 1968 1704 2059 deligendos
1758 1969 2071 2053 curavit,
2139 1964 2332 2059 quod
2395 1984 2578 2056 opus

573 2086 661 2135 ea
712 2075 962 2137 aestate
1014 2066 1414 2138 absolutum
1469 2089 1612 2137 non
1665 2077 1795 2138 est.
2408 2143 2412 2147 .

568 2164 694 2239 De
738 2163 1006 2240 Eiriko
1059 2164 1373 2263 Siqurdi
1416 2166 1573 2261 filio
1591 2219 1619 2248 ,
1683 2167 2036 2263 ferroque
2087 2163 2435 2241 candenti
2484 2159 2579 2234 ab

1358 2290 1441 2339 eo
1489 2276 1798 2363 pestate.

772 2365 891 2439 59.
970 2368 1248 2439 Eodem
1299 2389 1475 2440 vere
1510 2368 1801 2440 Eirikus
1852 2366 2132 2462 quidam
2186 2364 2276 2449 ad
2327 2385 2580 2458 regem
2646 2451 2654 2458 .

570 2464 1000 2540 Sverrerem
1050 2473 1418 2563 pervenit3
1469 2472 1536 2540 is
1587 2491 1672 2540 se
1714 2466 2287 2558 Hierosolymam
2337 2464 2580 2558 profc-

571 2577 799 2657 ctum,
883 2591 1262 2642 accensum
1346 2570 1733 2642 sehaceum
1806 2591 2013 2639 manu
2083 2576 2442 2635 tenentem
2509 2567 2581 2634 in

570 2688 844 2739 amnem
893 2669 1286 2740 Jordanem
1341 2671 1815 2741 descendisse
1880 2667 2201 2762 serebat,
2276 2669 2579 2758 ipseque

570 2775 655 2836 'ac
707 2773 821 2838 sui
885 2774 1120 2840 testati
1188 2780 1386 2855 sunt,
1458 2791 1619 2839 eum
1686 2772 2091 2863 priusquam
2157 2769 2229 2835 in
2292 2767 2580 2837 fluvium

572 2866 1090 2955 descenderet,
1141 2868 1381 2939 Deum
1434 2868 1863 2940 obtestatum
1917 2888 2127 2953 esse,
2179 2877 2258 2938 ut
2306 2865 2583 2936 faceret

570 2967 956 3039 sebaceum
1024 2971 1390 3040 ardentem
1458 2972 1805 3062 exaquis
1877 2988 2296 3059 emergere,
2363 2966 2579 3036 modo

569 3071 772 3159 regis
842 3068 1134 3162 Sigurdi
1202 3069 1388 3141 filius
1459 3080 1696 3157 esset,
1761 3079 1973 3163 atque
2048 3070 2349 3140 comites
2421 3087 2581 3139 eum

570 3179 742 3239 cum'
801 3171 1095 3241 ardente
1164 3170 1483 3243 sebaceo
1555 3191 1596 3240 e
1659 3171 1876 3241 fluvio
1948 3172 2337 3239 emersisse
2394 3166 2580 3246 affin·

569 3279 861 3341 marunt.
981 3271 1272 3343 Eirikus
1325 3271 1677 3364 stipendia
1731 3267 2346 3360 Constantinopoli
2396 3266 2581 3359 apud

569 3390 821 3461 regem
871 3370 1328 3442 Manuelem²
1380 3372 1690 3455 fecerat,
1741 3368 2120 3463 multisque
2172 3367 2581 3437 meridianae

574 3467 978 3539 Germaniae
1046 3470 1230 3540 locis
1299 3470 1484 3563 apud
1559 3468 1966 3563 complures
2028 3466 2314 3539 nobiles
2383 3469 2582 3538 viros

569 3578 904 3640 versatus
956 3568 1219 3658 fuerat3
1290 3580 1443 3640 erat
1508 3573 1617 3639 vir
1685 3569 2000 3662 prudens
2067 3566 2582 3661 multarumque

572 3689 807 3738 rerum
861 3672 1174 3762 apprime
1227 3673 1540 3763 perituS,
1590 3690 1812 3762 parva
1863 3678 2166 3755 statura,
2218 3668 2402 3739 facie
2455 3669 2581 3736 mi-

571 3789 707 3838 nus
753 3767 1017 3861 pulcra.
1098 3770 1234 3841 Hic
1284 3793 1327 3842 a
1377 3790 1556 3862 rege
1589 3768 1946 3841 Sverrere
1997 3772 2275 3840 veniam
2333 3770 2583 3855 oravit,

571 3876 651 3939 ut
701 3870 1028 3940 candenti
1080 3870 1275 3941 ferro
1330 3871 1721 3963 gestando,
1775 3892 1860 3941 se
1913 3892 1956 3940 a
2007 3873 2253 3962 stirpe,
2307 3890 2446 3962 qua
2496 3888 2582 3939 se

573 3977 806 4038 ortum
859 3979 1160 4062 putaret,
1217 3972 1694 4056 descendere,
1744 3991 2000 4064 nempe
2053 3973 2252 4061 regis
2287 3967 2585 4060 Sigurdi

645 4100 699 4170 ¹)
735 4104 1205 4180 Haurit-humarent,
1250 4107 1313 4165 G.
1424 4108 1473 4176 ²)
1513 4110 1872 4183 imperatorem
1921 4108 2216 4164 Manuelem
2255 4105 2583 4166 Comnenum

574 4195 1007 4271 unta-1180).
