2950 4709
371 324 688 392 c,20-21‚
812 326 1178 374 meu-omn
1229 327 1452 376 unms
1506 315 1943 399 lavanianum.
2260 306 2378 395 89

369 531 459 581 se
510 509 827 597 contulit,
882 520 957 582 et
1005 511 1190 603 apud
1237 534 1396 583 eum
1449 517 1926 605 pernoctavit3
1980 536 2147 607 pars
2193 534 2393 592 vero·
2491 521 2498 527 ’

369 613 732 701 regiorum
766 609 1049 682 militum
1092 616 1163 680 in
1213 611 1376 682 loca
1425 611 1617 683 villis
1671 613 2153 707 frequentiora
2204 639 2373 688 con·
2429 671 2433 676 .

368 712 610 781 cessit.
713 709 892 781 Cum
958 713 1134 782 vero
1198 733 1333 781 rex
1400 712 1663 784 milites
1732 714 2056 787 omnibns
2128 716 2375 803 rebus,

368 833 661 905 quarum
715 815 918 906 copia
971 821 1428 903 suppeteret,
1481 815 2163 901 recrearivideret,
2215 819 2374 908 ipse

367 933 530 981 cum
600 910 869 1003 aliquot
921 932 1017 981 ex
1071 914 1264 997 suis,
1332 916 1453 1006 qui
1521 912 1897 984 firmissimi
1951 935 2121 986 esse
2171 917 2373 987 vide-

365 1009 644 1096 bantur,
696 1012 786 1080 ad
841 1011 1182 1083 excubias
1234 1012 1553 1103 agendas
1604 1013 1973 1105 profectus
2019 1024 2168 1100 est,
2222 1027 2377 1088 erat

366 1113 582 1186 enim
612 1132 701 1182 eo
756 1110 920 1182 loco
973 1119 1319 1203 angustus
1370 1113 1647 1205 quidam
1699 1112 1924 1201 callis,
1949 1117 2100 1212 qni
2152 1119 2213 1187 si
2270 1117 2371 1186 di-

365 1207 680 1303 ligenter
730 1214 1130 1283 custoditus
1183 1221 1423 1297 esset,
1503 1234 1755 1285 omnes
1822 1218 1895 1284 in
1945 1224 2099 1287 tuto
2154 1226 2371 1288 erant.

365 1308 538 1399 Quo
600 1310 763 1383 loco
836 1335 994 1383 cum
1057 1331 1192 1383 rex
1271 1311 1612 1385 excubias
1665 1314 1754 1384 ad
1806 1320 2087 1389 tertium
2142 1338 2372 1412 usque

365 1412 558 1483 diem
626 1414 942 1504 egisset,
1010 1414 1079 1481 in
1147 1410 1307 1483 loca
1375 1412 1795 1506 habitaculis
1864 1415 2371 1510 frequentiora,

367 1511 491 1583 ubi
552 1533 720 1604 pars
781 1511 1070 1584 militum
1123 1534 1209 1583 se
1261 1513 1704 1600 continebat,
1775 1520 2044 1587 reverti
2112 1520 2369 1588 statuit.

362 1610 527 1684 Hoc
576 1614 714 1683 iter
761 1634 1101 1706 perquam
1155 1622 1310 1683 erat
1360 1613 1687 1699 difficile,
1737 1637 1891 1704 nam
1946 1624 2066 1686 aut
2116 1619 2372 1716 ingens

356 1714 609 1805 jugum
661 1718 939 1800 moutiS,
993 1734 1136 1809 quo
1187 1734 1354 1784 rura
1404 1715 1591 1784 inter
1641 1734 1725 1783 se
1768 1714 2370 1806 disjungebantur,

366 1812 882 1906 superandum,
948 1826 1065 1886 aut
1114 1815 1255 1884 iter
1321 1814 1714 1884 secundum
1767 1816 2058 1886 arduum
2108 1815 2370 1887 clivum

364 1933 638 1984 summo
692 1936 851 1984 cum
904 1916 1067 1986 vitae
1119 1912 1441 2006 periculo
1487 1914 1883 2006 faciendum
1918 1927 2087 1987 erat.
2166 1914 2367 1987 Tunc

364 2023 601 2084 autem
643 2013 905 2085 milites
955 2016 1137 2107 regii
1187 2015 1323 2084 iter
1376 2034 1510 2106 per
1558 2030 1880 2090 montana
1931 2016 2172 2089 facere
2227 2038 2367 2087 non

363 2123 769 2207 potueruut,
822 2115 1037 2209 quod,
1090 2113 1298 2185 simul
1350 2123 1562 2209 atque
1605 2119 1674 2186 iu
1708 2139 1873 2188 rura
1906 2117 2367 2204 devenerant,

362 2214 616 2285 eadem
672 2237 830 2309 quae
881 2224 1088 2285 antea
1117 2218 1560 2308 tempestatis
1604 2216 1940 2289 violentia
1975 2218 2366 2311 ingruebat.

658 2314 783 2388 De
831 2337 966 2411 req
969 2338 1009 2386 e
1060 2313 1422 2388 Sverrere
1470 2340 1563 2387 ac
1622 2316 2058 2414 Thoryrimo.

564 2413 683 2487 21.
790 2413 973 2488 Post
1035 2416 1195 2486 haec
1246 2436 1380 2486 rex
1431 2413 1746 2487 Sverrer
1797 2422 1868 2487 in
1915 2414 2365 2506 Valdresiam

362 2513 730 2607 profectus
801 2531 948 2604 est,
1024 2517 1267 2611 ibique
1337 2518 1657 2585 convivia
1724 2539 1858 2609 per
1924 2516 2129 2588 villas
2197 2538 2367 2588 suas

364 2615 640 2702 obibat,
712 2617 876 2687 inde
946 2621 1015 2688 in
1070 2615 1716 2689 Gudbrandsdalos
1769 2621 2001 2705 venit,
2053 2617 2173 2689 ubi
2227 2619 2364 2710 ipsi

360 2737 514 2787 cum
584 2720 943 2788 universis
1015 2717 1349 2789 militibus
1418 2718 1679 2788 dimidii
1733 2722 1999 2790 mensis
2052 2721 2363 2791 convivi-

358 2838 477 2886 um
545 2818 615 2887 in
675 2821 880 2909 regio
933 2817 1505 2911 praedioSteiga
1559 2830 1872 2911 paratum
1930 2831 2059 2894 est.
2163 2819 2363 2891 Non-

361 2917 524 2986 «lum
610 2928 844 2988 tamen
925 2920 1341 3012 quiescendi
1426 2918 1727 2992 facultas
1799 2929 1986 3009 erat3
2069 2942 2224 2994 nam
2292 2923 2363 2991 in

355 3014 784 3088 Heidmarka
856 3019 1231 3090 duodecim
1311 3030 1512 3090 erant
1573 3019 1850 3107 coloni,
1932 3042 2115 3115 quos
2178 3025 2364 3094 inter

358 3129 826 3205 convenerat,
888 3129 965 3189 ut
1014 3119 1275 3211 singuli
1325 3124 1651 3194 centenis
1701 3124 1974 3193 vicenis
2026 3120 2362 3192 militibus

359 3222 723 3290 exercitus
760 3218 1142 3291 collectitii
1196 3229 1617 3311 praeessent.
1698 3218 1788 3290 Hi
1830 3220 2134 3291 clientes
2163 3232 2365 3293 erant

354 3321 553 3409 regis
620 3321 870 3412 Magni
950 3342 1045 3390 ex
1130 3324 1448 3413 emporio
1531 3317 1964 3391 Hamarensi.
2080 3320 2363 3412 Quibus

356 3423 663 3510 coguitis
715 3419 976 3506 rebus,
1043 3443 1179 3492 rex
1233 3424 1372 3492 iter
1424 3440 1466 3491 e
1520 3419 1847 3494 Vallibus
1900 3426 2206 3516 paravit,
2268 3444 2361 3494 ne
2403 3457 2406 3460 >

353 3518 547 3590 aditu
618 3520 833 3593 vallis
917 3522 1004 3592 ab
1092 3526 1182 3592 iis
1264 3532 1763 3615 praeoccupato
1854 3522 2360 3598 includeretur.

354 3618 674 3708 Colono,
728 3625 845 3714 qni
898 3625 1183 3693 rusticis
1232 3632 1578 3715 praeerat,
1631 3625 1892 3717 quique
1950 3623 2157 3716 hujus
2210 3624 2359 3695 col-

350 3718 600 3791 lectitii
655 3725 1016 3793 exercitus
1050 3725 1458 3794 ‘concitator
1511 3733 1699 3810 erat,
1752 3722 2179 3816 Thorgrimo
2232 3747 2359 3798 no-

347 3842 514 3891 men
563 3822 712 3894 fnit.
813 3821 1001 3909 Rex,
1053 3825 1168 3917 qui
1221 3827 1379 3917 ipse
1410 3845 1534 3894 res
1586 3824 2158 3896 adversariorum
2191 3847 2358 3918 spe-

349 3921 610 4009 culari,
677 3946 884 4019 quam
935 3945 1105 3995 suas
1160 3923 1246 3994 ab
1303 3922 1629 3994 hostibus
1683 3924 2042 4018 explorari
2095 3925 2358 4010 mallet,

346 4025 488 4093 iter
538 4046 793 4117 magua
839 4024 1295 4096 festinatione
1347 4022 1815 4096 accelerabat.
1918 4024 2153 4095 Nocte
2190 4047 2355 4118 qua·

349 4123 509 4198 dam
570 4128 729 4220 ipse
798 4124 886 4201 ab
943 4128 1267 4196 exercitu
1335 4147 1472 4198 suo
1529 4123 1897 4211 discessit3
1963 4123 2355 4215 hujusmodi
