2950 4709
382 375 454 436 c,
487 369 708 435 7359,
833 373 1199 424 msa-omn
1249 374 1473 423 neers
1529 364 1966 424 svnmmms}
2237 343 2405 437 135

381 566 463 629 nt
512 577 571 642 a
607 575 790 648 rege
842 552 1205 628 Sverrere
1256 560 1778 650 reciperentur,
1836 560 2232 629 recusavit:
2284 555 2401 629 bis

366 660 612 744 enim,
677 659 1045 751 inquiens,
1105 659 1500 750 jusjurandi
1552 658 1763 728 fidem
1814 679 1859 730 a
1909 658 2119 729 vohis
2174 658 2403 729 datam

382 756 802 842 violavistiS.
903 756 1150 829 Nihilo
1214 767 1449 828 tamen
1523 761 1771 829 secius
1826 760 1997 849 *regi
2066 756 2403 829 Sverreri

375 856 869 951 jusjmandum
901 860 1105 929 tertia
1157 860 1320 929 vice
1374 860 1745 943 dixerunt,
1801 868 1874 928 et
1923 858 2136 927 iidem
2187 856 2400 950 paulo

369 968 550 1048 ¹post
602 957 1117 1043 discesserunt,
1175 966 1249 1029 et
1293 961 1641 1029 orientem
1694 979 1954 1029 versus
2005 958 2096 1027 ad
2148 977 2401 1049 regem

385 1056 727 1149 Magnum
800 1077 886 1127 se
958 1056 1429 1128 contulerunt.
1549 1056 1717 1127 Rex
1785 1068 2017 1128 autem
2088 1055 2406 1129 Sverrer

391 1155 482 1226 de
539 1154 912 1227 itineribus
964 1160 1164 1248 regis
1193 1158 1444 1249 Magni
1479 1160 1746 1242 certior
1795 1156 2050 1244 factuS,
2103 1158 2406 1227 maxima

382 1277 561 1327 usus
614 1256 1027 1342 celeritate,
1101 1277 1266 1327 eum
1319 1260 1669 1328 orientem
1720 1277 1980 1328 versus
2031 1260 2101 1327 in
2151 1255 2405 1347 Agdas

384 1376 618 1448 usque
668 1358 1041 1428 insecutus
1097 1366 1233 1442 est,
1285 1379 1443 1427 cum
1503 1377 1592 1427 eo
1647 1355 1781 1428 hac
1825 1360 1985 1427 vice
2037 1378 2181 1427 non
2234 1378 2403 1427 con·

387 1474 714 1545 gressuS,
769 1454 904 1527 sed
933 1454 1219 1547 Bergas
1242 1477 1592 1528 reversus
1644 1456 1740 1526 ibi
1792 1455 2161 1549 paulisper
2212 1477 2403 1527 com-

386 1550 808 1626 morabatur.
886 1554 1055 1629 Rex
1085 1556 1402 1647 Magnus
1455 1554 1704 1626 eadem
1743 1564 1993 1636 aestate
2036 1556 2405 1625 meridiem

386 1676 646 1727 versus
673 1658 746 1724 in
775 1654 1074 1726 Daniam
1105 1656 1195 1726 ad
1234 1676 1482 1746 regem
1513 1654 2006 1726 Valdamarem
2036 1654 2405 1748 profectus

390 1764 526 1841 est,
575 1755 897 1828 secunda
943 1759 1105 1827 vice
1157 1778 1201 1830 a
1250 1776 1433 1848 rege
1468 1751 1828 1827 Sverrere
1881 1753 2403 1854 pulsus1·egno

389 1856 781 1926 exce-densa

334 1950 341 1956 ’
567 2005 570 2008 -
618 1954 877 2026 Coedes
911 1954 1440 2051 prcafectorum
1506 1961 1711 2055 regis
1763 1953 2170 2029 Sverreris.

591 2051 711 2126 79.
790 2055 958 2127 Rex
989 2054 1304 2128 Sverrcr
1353 2057 1744 2151 praefectos
1774 2077 1954 2128 suos
2007 2076 2140 2149 per
2190 2062 2405 2126 totam
2532 2071 2537 2078 ·

388 2154 907 2248 Rogalandiam
962 2165 1038 2228 et
1085 2156 1425 2228 Hordiam
1479 2160 1859 2230 constituit.
1932 2155 2210 2228 lvarem
2254 2153 2405 2225 Da-

388 2253 614 2354 pium1
651 2253 927 2348 Sognio
976 2256 1330 2348 praefecit.-
1391 2257 1806 2351 Insequenti
1857 2265 2188 2327 autumno
2244 2276 2406 2325 cum

389 2355 716 2426 omnibus
782 2357 1014 2448 copiis
1082 2359 1238 2427 suis
1306 2357 1598 2428 boream
1649 2377 1910 2428 versus
1961 2359 2031 2425 in
2082 2353 2404 2424 Thrand-

389 2453 698 2526 heimum
748 2454 1154 2550 profectus,
1217 2454 1524 2527 hiemem
1577 2457 1675 2527 ihi
1724 2457 2090 2546 transegit.
2189 2452 2404 2545 Rege

387 2553 751 2627 Sverrere
804 2554 1097 2626 boream
1147 2576 1409 2628 versus
1472 2555 1825 2650 profecto,
1876 2552 2203 2649 praefecti
2264 2550 2405 2624 So-

388 2656 784 2747 gnensibus
837 2678 1083 2748 parum
1134 2654 1425 2749 placere
1468 2664 1856 2749 coeperunt.
1954 2651 2188 2725 Paulo
2239 2660 2406 2723 ante

387 2754 647 2826 festum
697 2754 1006 2826 Jolense
1055 2755 1378 2850 praefecti
1428 2757 1772 2849 pecunias
1801 2758 1872 2825 in
1903 2763 2204 2825 sumtum
2235 2774 2406 2824 con-

390 2857 566 2926 vivii
595 2853 948 2941 Jolensis‚
1003 2857 1194 2949 quod
1227 2858 1296 2924 in
1337 2859 1656 2948 emporio
1682 2851 1997 2925 Lusensi
2027 2851 2403 2924 celebrare

389 2959 926 3041 constituerant,
977 2958 1427 3048 imperarunt.
1498 2955 1653 3027 Hac
1704 2975 1786 3024 re
1822 2956 2118 3047 emporii
2150 2951 2406 3023 incolae

386 3058 460 3125 in
511 3065 776 3126 tantum
827 3055 1145 3125 furorem
1194 3058 1392 3125 versi
1441 3065 1643 3140 sunt,
1698 3063 1776 3124 ut
1826 3075 1982 3124 cum
2034 3050 2405 3122 Soknada-

390 3152 720 3224 lensibus
791 3165 866 3224 et
911 3154 1378 3246 ,Eidbyggis‚
1446 3157 1568 3248 qui
1620 3172 1707 3224 se
1742 3159 2284 3244 'congregarant
2334 3158 2410 3220 et

390 3256 464 3325 in
521 3255 908 3345 emporium
937 3274 1251 3347 vespere
1278 3253 1541 3324 festum
1570 3250 1880 3325 Jolense
1933 3250 2406 3321 antecedente

389 3362 910 3440 convenerant,
996 3356 1427 3438 consociati,
1492 3355 1824 3447 impetum
1878 3353 1949 3420 in
2015 3349 2407 3445 praefectos

391 3456 643 3544 regios
692 3452 1032 3525 facerent.
1131 3452 1366 3545 Hujus
1434 3454 1680 3544 flagitii
1752 3452 2092 3545 praecipui
2152 3451 2406 3543 princi-

391 3574 528 3645 pes
595 3563 799 3635 erant
862 3551 1183 3625 Arnthor
1253 3553 1346 3623 de
1396 3551 1662 3624 Hvolio
1734 3561 1808 3622 et
1872 3549 2127 3622 Isakus
2176 3547 2408 3620 Thor-

394 3651 600 3744 gilsis
651 3651 865 3738 filius,
916 3653 1183 3747 filiique
1220 3650 1599 3744 Arngeiris
1653 3652 2076 3736 sacerdotis,
2123 3648 2410 3720 Gautus

392 3761 470 3823 et
524 3748 989 3823 Karlshofud.
1104 3750 1268 3823 lvar
1330 3751 1611 3846 Dapius
1679 3751 1947 3843 pacem
2001 3751 2242 3842 petiit,
2321 3767 2407 3817 se

396 3872 556 3922 cum
609 3851 934 3922 omnihus
986 3854 1142 3923 suis
1207 3852 1698 3923 discessurum
1762 3849 2141 3942 pollicitus.
2245 3845 2410 3937 Qua

394 3951 802 4022 conditione
851 3951 1220 4044 repudiata
1272 3950 1511 4022 coloni
1577 3952 1840 4042 impetu
1894 3947 2085 4020 facto
2151 3945 2410 4040 praefe-

397 4059 558 4120 ctos
634 4071 794 4120 cum
896 4050 1304 4143 plerisque,
1346 4048 1806 4143 stipatoribus
1870 4046 2403 4118 interfecerunt.

477 4175 524 4246 ¹)
562 4177 805 4245 Darium,
850 4177 915 4233 B.
