2950 4709
581 378 752 468 lm
1009 401 1378 454 msroma
1430 402 1655 454 neers
1711 402 2150 454 svnmuzms.
2375 401 2451 468 c,
2475 400 2581 469 58,

574 587 1057 674 vehebantur,
1139 589 1261 681 qui
1343 597 1577 659 tamen
1647 609 1778 661 eos
1860 591 2161 683 assequi·
2226 600 2372 661 non
2453 607 2583 682 po-

573 696 880 759 tuerunt.
999 686 1208 778 Quos
1274 710 1433 759 cum
1467 689 1783 760 vEirilxus
1853 692 2235 783 episcopus
2308 690 2585 760 tardius

572 786 938 882 subsequi·
997 787 1630 876 animadverteret,
1728 793 2073 884 praecepit
2170 799 2248 861 ut
2329 810 2583 861 navem

575 910 797 981 quam·
833 888 1210 960 celerrime
1262 890 1352 960 ad
1405 898 1665 960 terram
1718 890 2157 983 abriperent,
2226 900 2300 961 et
2367 890 2580 960 cleri-

491 1063 496 1072 ,
573 1009 705 1060 eos
755 993 827 1059 in
878 998 1138 1060 terram
1191 999 1677 1083 exponerent,
1744 992 1845 1061 ita
1892 992 2115 1076 enim,
2180 993 2342 1061 navi
2409 1009 2582 1060 one-

569 1108 656 1158 re
720 1089 990 1173 levata,
1056 1088 1418 1180 fugientes
1486 1094 1642 1184 capi
1695 1089 1905 1161 facile
1956 1110 2198 1182 posse.
2300 1088 2428 1161 Sic
2479 1089 2582 1161 sa-

571 1198 779 1259 ctum.
877 1188 1195 1273 Interea,
1260 1188 1640 1259 Eirikianis
1688 1188 1849 1261 haec
1891 1189 2582 1275 administrantibus,

569 1286 968 1360 Birkibeini
1048 1288 1284 1380 fugam
1337 1292 1562 1361 ‘omni
1657 1290 1894 1361 studio
1976 1289 2470 1361 accelerantes
2537 1311 2581 1362 e

569 1388 893 1462 manibus
934 1390 1254 1482 episcopi
1294 1390 1709 1481 stipatorum
1742 1390 2163 1483 effugerunt,
2216 1409 2582 1484 cursuque

570 1493 643 1561 in
694 1489 909 1561 altum
967 1490 1239 1559 directo
1292 1486 1521 1559 libero
1557 1491 1728 1560 mari
1758 1488 2041 1581 Bergas
2069 1492 2351 1561 reversi
2392 1499 2579 1575 sunt,

569 1593 730 1683 regi
799 1588 1135 1661 Sverreri
1199 1591 1510 1660 nuntium
1579 1588 1999 1675 attulerunt,
2081 1590 2357 1683 hasque
2427 1610 2578 1675 reS,

570 1712 751 1785 quas
815 1699 957 1760 tam
1026 1688 1219 1758 clare
1270 1691 1634 1776 viderant,
1698 1699 2088 1760 narrarunt.
2187 1687 2331 1760 Ubi
2396 1708 2579 1760 vero

566 1788 965 1862 Birkibeini
1016 1792 1487 1876 resciverunt,
1541 1811 1790 1882 regem
1815 1791 2156 1881 Magnum
2211 1792 2353 1861 cito
2407 1809 2580 1860 esse

460 1908 469 1915 ·
568 1892 924 1972 adversus
993 1910 1081 1959 se
1130 1898 1546 1976 venturum,
1613 1911 1746 1961 rex
1798 1888 2178 1978 Sverrer„
2228 1891 2578 1960 concione

568 2011 861 2063 suorum
912 1988 1165 2073 habita,
1217 2011 1537 2081 quaenam
1591 1991 1899 2060 ineunda
1926 1993 2101 2061 ratio
2132 1999 2354 2075 esset,
2407 2009 2578 2060 con-

567 2088 804 2163 suluit.
885 2087 1022 2159 Hic
1073 2107 1323 2159 omnes
1374 2088 1596 2160 multo
1650 2111 1853 2182 quam
1897 2099 2107 2160 antea
2135 2089 2224 2161 ad
2259 2110 2578 2182 pugnan-

569 2191 734 2262 dum
787 2198 990 2259 erant
1040 2189 1463 2279 segniores,
1530 2192 1916 2282 potiusque
1969 2189 2263 2261 boream
2318 2211 2579 2261 versus

566 2289 962 2385 profugere
1025 2287 1461 2375 maluerunt,
1532 2289 1894 2375 dicentes,
1960 2310 2047 2360 se
2114 2292 2202 2362 ad
2257 2289 2579 2383 praelium

565 2395 797 2462 minus
839 2403 1020 2460 ‘esse
1070 2398 1381 2482 paratoS,
1433 2389 1842 2482 complures
1892 2393 2207 2482 graviter
2245 2390 2578 2462 vulnera·

566 2501 709 2579 toS,
758 2511 1010 2561 omnes
1068 2489 1539 2581 defatigatoS,
1609 2490 1857 2584 praelio
1908 2493 2158 2584 paucis
2207 2499 2369 2561 ante
2424 2490 2578 2560 die-

565 2591 705 2663 bus
755 2614 911 2662 cum
965 2611 1259 2661 numero
1312 2589 1620 2661 hostium
1684 2589 1900 2680 longe
1966 2591 2321 2684 superiori
2382 2611 2576 2661 com-

563 2694 820 2778 misso;
874 2692 1038 2784 quin
1069 2688 1265 2760 multi
1298 2689 1828 2783 profitebantur,
1876 2710 1965 2761 se
1999 2691 2089 2761 ad
2117 2690 2577 2762 Nordnesum

565 2792 749 2863 adeo
802 2788 1214 2874 laborasse,
1283 2798 1404 2873 ut,
1462 2792 1602 2860 nisi
1652 2792 1939 2859 stataria
1989 2813 2222 2883 pugna
2274 2789 2579 2862 fuissent

563 2887 913 2983 impliciti,
985 2888 1224 2979 sugam
1273 2886 1584 2958 libenter
1635 2908 1898 2982 capere
1947 2889 2375 2961 voluissent*
2470 2889 2577 2961 Is-

564 3011 706 3085 que
760 2995 875 3059 est
923 2986 1264 3081 colloquii
1332 2986 1489 3058 finis
1539 2987 1810 3074 factuS,
1878 2998 1958 3060 ut
2023 2983 2393 3061 decretum
2459 2993 2576 3078 sit,

562 3094 819 3163 itinere
893 3089 1099 3183 quam
1170 3087 1548 3160 celerrime
1607 3100 2013 3182 comparato
2066 3090 2355 3162 boream
2408 3111 2575 3161 ver-

563 3213 696 3265 sus
766 3190 1109 3282 effugere.
1207 3188 1400 3260 Dein
1454 3193 1682 3284 copiae
1733 3193 1805 3260 in
1856 3211 2119 3277 naveS,
2195 3200 2275 3261 ut
2323 3210 2577 3266 omncs

564 3291 1099 3390 quodammodo.
1132 3310 1347 3382 pares
1397 3292 1796 3383 navigando
1853 3300 2138 3376 essent,
2210 3290 2575 3384 dispositae

563 3403 749 3464 sunt.
849 3389 1018 3460 Rex
1067 3389 1354 3480 Eyolvo
1405 3388 1574 3476 Aflii
1620 3389 1768 3460 filio
1808 3388 2316 3476 Hofdahuzam,
2368 3411 2574 3485 quam

561 3490 874 3568 Narvius
939 3488 1278 3572 duxerat,
1337 3491 1698 3579 ingentem
1768 3509 2053 3575 navem,
2128 3494 2575 3561 armamentis

560 3609 743 3662 vero
795 3607 1002 3681 paene
1040 3587 1483 3673 destitutam,
1522 3589 1911 3672 ducendam
1946 3590 2160 3660 dedit.
2242 3589 2575 3683 Eyolvus

559 3689 730 3761 Aflii
777 3687 1002 3774 filius,
1068 3689 1379 3756 nuntium
1429 3698 1843 3781 apportans,
1910 3710 2082 3761 sero
2136 3710 2447 3783 vespere
2499 3691 2574 3760 in

560 3790 896 3884 oppidum
948 3780 1409 3881 pervenerat3
1479 3792 1812 3882 sequenti
1862 3810 2045 3861 vero
2095 3812 2335 3875 mane,
2409 3786 2572 3860 sole

561 3899 762 3975 orto,
828 3889 1133 3960 necdum
1200 3886 1420 3981 longe
1488 3891 1558 3958 in
1628 3887 1882 3960 coelu'm
1932 3911 2366 3984 progresso,
2434 3911 2575 3960 rex

562 3986 875 4061 Sverrer
924 4010 1083 4060 cum
1136 3988 1459 4059 omnibus
1513 3992 1742 4083 copiis
1796 3991 2058 4084 oppido
2113 3999 2269 4061 erat
2330 3989 2571 4083 prose-

562 4098 745 4175 ctuS,
796 4098 1129 4179 tantaque
1176 4091 1539 4158 sociorum
1591 4088 1935 4160 navalium
1974 4092 2325 4181 paucitate
2370 4088 2570 4159 labo-

562 4198 786 4277 rarat,
858 4197 940 4260 ut
1001 4183 1096 4257 ad
1159 4184 1388 4259 malos
1455 4188 1845 4281 erigendos
1894 4188 2200 4282 velaque
2251 4186 2570 4261 tollenda
