2950 4709
339 378 670 451 c,·92.93,
772 380 1139 435 mercum
1196 382 1419 440 neers
1475 383 1911 437 σηκιιειιιε.
2183 355 2378 452 159.

337 566 604 738 plicuit,
657 565 859 640 navis
910 562 1277 641 altitudine
1331 568 1657 641 hostibus
1706 568 1922 662 longe
1975 575 2348 665 superior}

391 672 457 739 ic
508 671 686 740 satis
756 671 1020 739 acriter
1070 679 1490 761 pugnatum,
1560 668 1961 763 Heklungis
2011 668 2364 766 impetum,

339 770 682 841 audacter
750 768 1290 860 excipientibus.
1411 768 1589 841 Cum
1670 790 1851 842 vero
1921 763 2348 865 aliquamdiu

339 872 663 941 cominus
727 878 1111 961 pugnatum
1184 877 1424 955 esset,
1491 868 1852 962 Heklungi
1904 869 2350 944 multitudine

337 971 658 1064 superati
710 973 954 1063 partim
1011 969 1461 1054 ceciderunt,
1514 973 1764 1062 partim
1817 973 2350 1044 semiuterscal-

339 1072 479 1140 mia
527 1089 750 1139 vacua
800 1069 1262 1163 reliquerunt.
1365 1067 1533 1158 Quo
1586 1067 1774 1141 facto
1826 1064 2222 1142 Birkibeini
2274 1079 2348 1146 iu

337 1187 595 1241 navem
662 1162 1176 1240 transcendere
1246 1168 1784 1240 contenderunt.
1902 1168 2351 1245 Benedictus

337 1272 735 1341 nominatus
790 1280 903 1339 est
953 1272 1097 1356 vir,
1162 1268 1465 1361 signifer
1516 1269 1738 1340 Eiriki
1793 1273 1994 1363 regis
2043 1271 2199 1361 filii;
2282 1277 2352 1345 is

338 1373 610 1463 primus
691 1388 847 1439 cum
941 1387 1180 1462 prorae
1286 1368 1794 1442 defensoribus
1891 1374 2346 1444 transcendit.

341 1466 509 1560 Quo
578 1470 1076 1540 animadverso
1138 1462 1540 1560 Hcklungi,
1606 1491 1864 1562 magno
1928 1492 2013 1542 se
2080 1475 2348 1566 impetu

340 1572 616 1642 obviam
686 1566 1012 1641 ferentes
1064 1572 1133 1638 in
1185 1567 1468 1639 hostem
1522 1568 1909 1656 vadebant,
1982 1581 2054 1642 et
2104 1570 2348 1643 Benc-

340 1666 600 1742 dictum
656 1691 814 1741 cum
869 1669 1232 1764 pluribuS,
1287 1672 1407 1764 qui
1458 1666 2001 1757 adscenderunt,
2053 1673 2347 1744 iuter-fe·

339 1781 613 1858 cerunt,
666 1771 848 1842 alios
903 1791 946 1841 e
997 1772 1158 1842 navi
1209 1767 1461 1840 iterum
1515 1770 1949 1864 repulerunt.
2022 1765 2202 1843 Mox
2258 1772 2348 1843 ab

338 1868 589 1945 Eiriko
640 1875 841 1965 regis
893 1870 1038 1943 filio
1093 1870 1471 1957 stimulati,
1524 1872 1780 1942 iterum
1830 1873 2352 1945 transcendere

343 1973 900 2060 contenderunt,
968 1971 1322 2065 signoque
1388 1974 1592 2065 potiti
1645 1980 1781 2042 tam
1833 1991 2070 2043 acrem
2123 1976 2362 2067 impe-‚
2404 2014 2408 2018 -

343 2085 488 2147 tum
541 2073 905 2159 fecerunt,
971 2082 1052 2146 ut
1100 2070 1463 2164 Heklungi
1515 2073 1777 2165 pedem
1827 2070 2219 2161 referrent,
2274 2083 2352 2147 et

341 2175 412 2246 in
464 2196 719 2246 navem
766 2177 1093 2266 proxime
1133 2172 1576 2264 adjacentem
1601 2172 2062 2260 transilirent,
2113 2169 2348 2246 Bit-ki·-

342 2275 575 2346 beinis
663 2272 1134 2344 vehementer
1199 2274 1713 2346 insistentibus,
1848 2274 1988 2345 Hic
2072 2276 2352 2363 accidit,

346 2374 540 2469 quod
591 2372 752 2443 fere
805 2392 942 2442 usu
992 2374 1244 2442 venire
1296 2369 1515 2460 solet,
1565 2382 1645 2444 ut
1691 2363 1946 2445 'timore
2002 2384 2121 2446 aut
2180 2373 2349 2467 fuga

341 2465 756 2569 praeliantes
808 2472 1217 2556 invadente,
1271 2476 1588 2564 quamvis
1638 2476 1711 2542 in
1762 2477 2027 2568 impetu
2080 2478 2350 2566 excipi-⁶
2444 2471 2450 2476 ’

345 2574 533 2648 endo
586 2573 759 2644 satis
811 2571 1092 2643 alacres
1145 2569 1427 2657 fuerint,
1479 2568 1841 2666 fugientes
1893 2593 2056 2644 raro
2086 2574 2175 2644 ad
2219 2597 2351 2666 pua

344 2697 550 2767 gnam
618 2669 1096 2747 renovandam
1161 2669 1432 2766 impelli
1512 2682 1791 2767 queant.
1920 2667 2058 2746 liic
2134 2675 2356 2766 igitur

340 2771 700 2868 Heklungi
751 2777 1024 2861 minori,
1078 2789 1283 2869 quam
1333 2769 1406 2843 in
1457 2777 1674 2866 priori
1724 2793 1931 2862 nave,
1983 2772 2353 2846 alacritate

340 2875 810 2963 resistebant,
881 2867 1272 2970 omnesque
1340 2871 1411 2943 in
1478 2894 1728 2947 navem
1782 2873 2205 2970 proximam,
2276 2885 2355 2946 et-

339 2975 509 3047 iude
564 2997 659 3047 ex
710 2975 847 3047 alia
899 2979 968 3045 in
1005 2975 1209 3046 aliam
1257 2975 1767 3048 transiliebant.
1853 2975 2064 3068 Quos
2111 2967 2351 3046 Birkt-
2447 3054 2452 3059 ¹

339 3072 534 3147 beini
599 3098 857 3166 magno
924 3095 1082 3146 cum
1136 3074 1448 3146 clamore
1505 3086 1578 3147 et
1626 3076 1911 3147 fremitu
1965 3085 2040 3147 et
2089 3076 2352 3147 cohor-2

343 3178 609 3247 tatione
675 3179 1185 3268 insequentes,
1270 3194 1523 3243 omnes
1593 3175 1849 3246 obvios
1917 3176 2353 3245 trucidarunt

344 3286 419 3348 et
441 3274 980 3363 interfecerunt3
1037 3292 1340 3367 cumque
1367 3276 1671 3344 maxima
1705 3268 2120 3366 fugientium
2146 3273 2354 3345 turba

340 3378 414 3447 in
462 3381 774 3469 majores
826 3395 1052 3447 naves
1106 3375 1469 3458 irruisset,
1536 3374 1798 3450 milites
1848 3376 2072 3467 regiae
2126 3375 2377 3462 naviS,

343 3471 463 3568 qui
514 3474 704 3546 litori
755 3475 1070 3570 proxima
1111 3488 1285 3560 erat,
1338 3476 1409 3560 in
1437 3497 1634 3545 mare
1670 3496 1756 3547 se
1788 3478 2356 3569 praecipitaruutz

342 3573 505 3646 aliae
557 3585 861 3668 quatuor
914 3578 1274 3662 maximae,
1343 3575 1415 3643 in
1482 3576 1740 3669 quibus
1796 3574 1997 3647 Ormi
2068 3585 2143 3648 et
2208 3574 2355 3646 As-

342 3675 610 3769 bjornis
664 3684 735 3745 et
786 3675 993 3746 navis
1046 3673 1603 3769 speculatorum,
1655 3677 2012 3747 hominum
2044 3675 2354 3747 multitu-

344 3777 510 3848 dine
566 3775 939 3868 depressae
994 3794 1283 3870 pessum
1341 3773 1553 3846 ibant.

494 3875 675 3950 Rex
721 3874 1053 3971 Maynus
1107 3882 1181 3945 et
1226 3867 1438 3944 m'zdti
1480 3877 1864 3970 principes
1913 3875 2211 3948 cadunt.
2323 3925 2335 3940 .

547 3977 665 4049 93.
764 3968 932 4047 Rex
1024 3973 1369 4060 Sverrer,
1455 3977 1575 4068 qui
1655 3977 1928 4046 interea
2006 3979 2078 4047 in
2162 3985 2360 4046 terra
2413 4043 2416 4046 ,

347 4079 806 4164 versabatur,
876 4097 1035 4148 cum
1090 4093 1250 4172 quae
1304 4083 1692 4167 agerentur
1740 4077 2073 4164 vidisset,
2125 4067 2362 4160 Petro,

345 4176 512 4251 Boii
565 4180 888 4275 episcopi
938 4176 1086 4250 filio
1137 4177 1512 4252 comitatus
1564 4177 1654 4249 ad
1684 4175 2017 4273 scapham
2048 4177 2358 4249 descen«
