2950 4709
599 321 712 408 10
1020 346 1394 417 ‚nis-rema
1444 344 1670 398 nuere
1723 342 2163 396 emanans,
2355 344 2429 408 c,
2461 345 2598 410 5-6.

592 550 755 603 nem
814 528 1138 603 ulnarum
1205 531 1493 602 circiter
1550 517 1924 622 sexaginta
1983 538 2267 623 patere,
2336 549 2597 623 neque,

593 632 831 725 quoad
885 629 1021 703 sub
1084 638 1275 701 tecto
1327 628 1829 717 versabantur,
1894 632 2173 723 signum
2227 631 2403 701 satis
2453 628 2598 699 alte

593 733 779 823 erigi
829 750 1053 824 posse
1081 727 1471 801 videbatur.
1541 728 1720 801 Cum
1748 730 1839 799 ad
1860 733 2164 822 januam,
2214 751 2352 823 qua
2385 749 2598 821 egre·

593 830 957 916 derentur,
1005 832 1531 922 pervenissent,
1581 838 1858 922 septem
1911 832 2151 900 armati
2185 832 2294 900 eis
2343 833 2596 900 occur-

589 940 839 1003 rentes
888 929 1304 1023 signiferum
1375 929 1714 1000 occidere
1776 928 2193 1015 voluerunt,
2259 929 2394 1000 sed
2463 948 2598 1003 rex

590 1039 756 1102 a‘nte
809 1051 972 1101 eum
1021 1050 1180 1101 cum
1233 1037 1442 1101 scuto
1490 1037 1951 1122 progressuS,
2003 1033 2233 1123 ipsum
2268 1038 2594 1100 ceteros-

591 1151 729 1225 que
782 1150 1067 1215 omneS,
1132 1138 1212 1200 ut
1258 1128 1457 1204 nullo
1512 1128 1763 1201 damno
1815 1128 2291 1214 afficerentur,
2351 1136 2593 1221 prote-

589 1230 841 1322 gebat,
914 1242 1126 1323 atque
1191 1228 1355 1300 dein
1403 1231 1476 1299 in
1526 1227 1758 1300 locum
1811 1238 2165 1320 patentem
2218 1248 2593 1300 amoenum-

589 1350 730 1425 que
781 1351 1098 1449 campum
1149 1347 1574 1448 pervenere:
1654 1327 1858 1402 Mox
1886 1328 2022 1398 sibi
2073 1330 2278 1400 visus
2330 1336 2445 1398 est
2493 1329 2591 1396 si-

587 1450 800 1522 gnum
852 1432 1163 1521 erigere,
1216 1437 1291 1499 et
1339 1431 1409 1497 in
1459 1431 1686 1499 aciem
1736 1430 1935 1520 regis
1983 1429 2236 1520 Magni
2281 1426 2590 1518 Erlingi-

587 1551 729 1625 que
798 1531 1119 1623 dynastae
1187 1526 1493 1615 inferre,
1574 1529 1915 1622 aciesque
1977 1529 2358 1600 adversum
2422 1547 2592 1620 pro

584 1629 930 1722 grediens
980 1628 1340 1723 extemplo
1398 1624 1776 1702 inclinaril.
1873 1627 2067 1702 Dein
2120 1633 2592 1721 experrectus

583 1734 932 1805 somnium
997 1732 1229 1803 animo
1291 1727 1818 1823 perpendebat,
1897 1729 2087 1822 quod
2152 1730 2289 1798 etsi
2341 1730 2590 1798 mirum

582 1829 993 1915 videbatur,
1063 1839 1298 1900 tamen
1362 1848 1467 1899 se·
1517 1849 1699 1901 vana
1763 1832 2012 1919 specie
2065 1849 2206 1899 non
2261 1825 2588 1898 delusum

581 1928 888 2022 putabat.
986 1927 1183 2001 Idem
1250 1929 1600 2000 somnium
1667 1929 1953 2015 amiciS,
2019 1930 2267 2022 paucis
2328 1938 2586 2013 tamen,

582 2031 898 2122 aperuit,
961 2048 1004 2101 a
1071 2026 1329 2121 quibus
1397 2028 1495 2097 ita
1556 2025 1717 2097 fere
1769 2028 2198 2121 explicatum
2266 2035 2416 2113 est,
2483 2030 2587 2098 uti

578 2138 835 2222 postea
878 2136 1142 2199 eventu
1182 2136 1297 2197 est
1323 2124 1874 2220 comprobatum.
1977 2126 2295 2218 Quarum
2346 2148 2586 2203 rerum

580 2250 742 2301 cum
806 2230 876 2299 ei
921 2230 993 2298 in
1061 2234 1367 2300 mentem
1417 2229 1735 2314 veniret,
1799 2224 2084 2301 animo²
2123 2225 2585 2300 confirmatus

579 2336 902 2501 ἓῗξηψεν
939 2423 1033 2501 ab
1072 2427 1450 2501 occidente
1484 2430 1567 2501 in
1593 2426 2045 2526 Norveqiam
2058 2432 2583 2525 proficiscitur.

778 2529 847 2600 6.
917 2526 1164 2622 Itaque
1218 2527 1536 2601 Sverrer
1581 2533 1723 2602 iter
1770 2533 1843 2601 in
1891 2530 2326 2622 Norvegiam
2380 2548 2581 2623 para-

580 2632 706 2715 vit,
757 2628 925 2722 quid
955 2649 1123 2700 sors
1156 2629 1353 2699 serre
1391 2628 1640 2716 veiless
1690 2639 2145 2724 experturus.
2224 2628 2390 2720 Quo
2421 2652 2582 2700 cum

418 2758 437 2777 ’
574 2732 923 2813 venisset,
975 2730 1199 2800 virum
1247 2728 1597 2821 quendam
1637 2731 1919 2800 nomine
1949 2728 2391 2820 Eysteinem,
2443 2730 2585 2813 sibi

573 2826 1011 2921 patruelem,
1086 2830 1363 2919 regium
1445 2849 1706 2899 nomen
1788 2831 2142 2901 sumsisse
2214 2833 2581 2922 comperit,

577 2925 745 3018 Quo
798 2926 1037 2997 audito
1102 2949 1261 2997 cum
1333 2929 1659 3020 ejusdem
1721 2932 1859 3003 viri
1924 2930 2187 3020 agendi
2237 2933 2581 3005 rationem

576 3025 971 3119 diligenter*
994 3026 1471 3121 explorasset,
1519 3027 1736 3102 multa
1782 3031 1940 3121 ejus
1969 3029 2266 3102 consilia
2310 3039 2383 3101 et
2410 3051 2579 3123 pro-

574 3131 808 3221 posita
863 3127 1210 3221 juvenilia
1281 3148 1455 3199 esse
1516 3129 1957 3222 reperiebat3
2027 3152 2189 3223 quae
2238 3151 2363 3204 res
2417 3149 2580 3203 eum

571 3230 892 3315 retinuit,
944 3229 1134 3323 quod
1184 3226 1352 3300 huic
1402 3250 1489 3301 se
1540 3230 1933 3324 adjungere
1985 3233 2230 3326 minus,
2267 3251 2576 3302 commo-

574 3327 737 3399 dum
808 3348 981 3399 esse
1046 3327 1352 3421 putabat,
1417 3328 1639 3401 ‘Inde
1701 3333 1841 3400 iter
1911 3332 1984 3399 in
2049 3338 2293 3422 partes
2369 3334 2577 3422 regni

570 3425 912 3498 boreales
963 3430 1324 3544 suscepit,
1392 3428 1585 3520 quod
1636 3427 1867 3499 Roius
1921 3431 2345 3522 episcopuS,
2399 3430 2578 3503 edu

571 3535 772 3597 cator
821 3547 1024 3611 suuS,
1083 3529 1152 3596 ei
1203 3536 1452 3598 auctor
1500 3525 1783 3615 fuisset,
1833 3538 1914 3600 nt
1960 3527 2577 3623 archiepiscopum

570 3627 1029 3710 conveniret,
1098 3635 1173 3697 et
1222 3624 1389 3697 huic
1435 3628 1748 3720 iniquum
1799 3647 2040 3700 rerum
2090 3649 2376 3701 suarum
2428 3640 2573 3701 sta-

567 3735 714 3798 tum
765 3728 1093 3819 aperiret.
1200 3725 1378 3798 Cum
1428 3730 1501 3797 in
1553 3729 1812 3798 itinere
1867 3737 2092 3816 esset,
2146 3750 2243 3801 ex
2292 3733 2406 3817 iis,
2455 3733 2575 3822 qui

568 3848 608 3896 a
656 3828 1171 3919 septemtrione
1238 3835 1621 3913 venerunt,
1690 3828 1784 3898 de
1847 3828 2084 3903 multis
2136 3829 2357 3904 rebus
2409 3850 2574 3924 per-⁴

568 3929 841 3997 contari
908 3929 1136 4019 coepit.
1235 3925 1623 4026 Paulisper
1686 3931 1768 3999 in·
1826 3927 2029 4023 Selja
2094 3939 2576 4002 commoratus

569 4035 706 4111 est,
758 4026 945 4120 quod
1000 4048 1093 4098 eo
1145 4026 1313 4098 loco
1363 4037 1576 4099 notos
1616 4026 1754 4099 sihi
1782 4029 2107 4101 homines
2146 4029 2570 4104 offendebat.

637 4158 685 4228 ⁸)
718 4161 882 4215 rarior
915 4157 1049 4226 fieri,
1086 4156 1147 4211 Β.
1192 4156 1265 4226 θ’)
1301 4179 1631 4234 magnopere,
1666 4157 1794 4214 add.
1834 4156 1902 4214 G.
