<?xml version="1.0" encoding="UTF-8"?>
<!DOCTYPE html PUBLIC "-//W3C//DTD XHTML 1.0 Transitional//EN"
    "http://www.w3.org/TR/xhtml1/DTD/xhtml1-transitional.dtd">
<html xmlns="http://www.w3.org/1999/xhtml" xml:lang="en" lang="en">
 <head>
  <title>
</title>
<meta http-equiv="Content-Type" content="text/html;charset=utf-8" />
  <meta name='ocr-system' content='tesseract 3.04.00' />
  <meta name='ocr-capabilities' content='ocr_page ocr_carea ocr_par ocr_line ocrx_word'/>
</head>
<body>
  <div class='ocr_page' id='page_1' title='image "./scriptahistoric01unkngoog_0299.png"; bbox 0 0 2950 4709; ppageno 0'>
   <div class='ocr_carea' id='block_1_1' title="bbox 327 328 2335 436">
    <p class='ocr_par' dir='ltr' id='par_1_1' title="bbox 327 328 2335 436">
     <span class='ocr_line' id='line_1_1' title="bbox 327 328 2335 436; baseline -0.002 -34"><span class='ocrx_word' id='word_1_1' title='bbox 327 347 400 412; x_wconf 80' lang='lat' dir='ltr'><strong>c,</strong></span> <span class='ocrx_word' id='word_1_2' title='bbox 437 344 588 423; x_wconf 68' lang='lat'><strong>163,</strong></span> <span class='ocrx_word' id='word_1_3' title='bbox 761 350 1128 436; x_wconf 60' lang='lat' dir='ltr'><strong>merome</strong></span> <span class='ocrx_word' id='word_1_4' title='bbox 1182 348 1408 398; x_wconf 63' lang='lat' dir='ltr'><strong>neers</strong></span> <span class='ocrx_word' id='word_1_5' title='bbox 1462 349 1900 401; x_wconf 64' lang='lat' dir='ltr'><strong>svennnnrs.</strong></span> <span class='ocrx_word' id='word_1_6' title='bbox 2158 328 2335 420; x_wconf 77' lang='lat'><strong>281</strong></span> 
     </span>
    </p>
   </div>
   <div class='ocr_carea' id='block_1_2' title="bbox 292 535 2403 3642">
    <p class='ocr_par' dir='ltr' id='par_1_2' title="bbox 292 535 2403 3642">
     <span class='ocr_line' id='line_1_2' title="bbox 314 535 2342 631; baseline 0.001 -23"><span class='ocrx_word' id='word_1_7' title='bbox 314 557 520 625; x_wconf 72' lang='lat' dir='ltr'><strong>rere,</strong></span> <span class='ocrx_word' id='word_1_8' title='bbox 571 539 835 631; x_wconf 86' lang='lat' dir='ltr'><strong>quique</strong></span> <span class='ocrx_word' id='word_1_9' title='bbox 879 539 960 607; x_wconf 84' lang='lat' dir='ltr'><strong>in</strong></span> <span class='ocrx_word' id='word_1_10' title='bbox 1011 535 1471 610; x_wconf 80' lang='lat' dir='ltr'><strong>occidentali</strong></span> <span class='ocrx_word' id='word_1_11' title='bbox 1523 540 1720 631; x_wconf 86' lang='lat' dir='ltr'><strong>rupis</strong></span> <span class='ocrx_word' id='word_1_12' title='bbox 1771 547 1972 631; x_wconf 85' lang='lat' dir='ltr'><strong>parte</strong></span> <span class='ocrx_word' id='word_1_13' title='bbox 2007 559 2048 610; x_wconf 85' lang='lat' dir='ltr'><strong>a</strong></span> <span class='ocrx_word' id='word_1_14' title='bbox 2082 537 2342 611; x_wconf 77' lang='lat' dir='ltr'><strong>dextro</strong></span> 
     </span>
     <span class='ocr_line' id='line_1_3' title="bbox 292 636 2338 724; baseline 0.001 -15"><span class='ocrx_word' id='word_1_15' title='bbox 292 636 555 710; x_wconf 72' lang='lat' dir='ltr'><strong>‘latere</strong></span> <span class='ocrx_word' id='word_1_16' title='bbox 586 636 1159 710; x_wconf 85' lang='lat' dir='ltr'><strong>Birkiheinorum</strong></span> <span class='ocrx_word' id='word_1_17' title='bbox 1213 640 1579 709; x_wconf 86' lang='lat' dir='ltr'><strong>constituti</strong></span> <span class='ocrx_word' id='word_1_18' title='bbox 1622 648 1843 724; x_wconf 85' lang='lat' dir='ltr'><strong>erant,</strong></span> <span class='ocrx_word' id='word_1_19' title='bbox 1898 637 2041 710; x_wconf 85' lang='lat' dir='ltr'><strong>tela</strong></span> <span class='ocrx_word' id='word_1_20' title='bbox 2086 642 2156 710; x_wconf 93' lang='lat' dir='ltr'><strong>in</strong></span> <span class='ocrx_word' id='word_1_21' title='bbox 2201 636 2338 712; x_wconf 89' lang='lat' dir='ltr'><strong>hos</strong></span> 
     </span>
     <span class='ocr_line' id='line_1_4' title="bbox 321 734 2400 832; baseline 0 -22"><span class='ocrx_word' id='word_1_22' title='bbox 321 738 412 810; x_wconf 83' lang='lat' dir='ltr'><strong>ab</strong></span> <span class='ocrx_word' id='word_1_23' title='bbox 465 747 716 832; x_wconf 82' lang='lat' dir='ltr'><strong>aperto</strong></span> <span class='ocrx_word' id='word_1_24' title='bbox 759 734 999 816; x_wconf 55' lang='lat' dir='ltr'><strong>„latere</strong></span> <span class='ocrx_word' id='word_1_25' title='bbox 1053 736 1546 832; x_wconf 78' lang='lat' dir='ltr'><strong>conjiciebant.</strong></span> <span class='ocrx_word' id='word_1_26' title='bbox 1649 737 1785 810; x_wconf 84' lang='lat' dir='ltr'><strong>Via</strong></span> <span class='ocrx_word' id='word_1_27' title='bbox 1837 760 1981 810; x_wconf 89' lang='lat' dir='ltr'><strong>non</strong></span> <span class='ocrx_word' id='word_1_28' title='bbox 2031 748 2187 810; x_wconf 87' lang='lat' dir='ltr'><strong>erat</strong></span> <span class='ocrx_word' id='word_1_29' title='bbox 2238 738 2337 811; x_wconf 86' lang='lat' dir='ltr'><strong>la·</strong></span> <span class='ocrx_word' id='word_1_30' title='bbox 2394 789 2400 795; x_wconf 81' lang='lat'><strong>·</strong></span> 
     </span>
     <span class='ocr_line' id='line_1_5' title="bbox 322 836 2341 935; baseline 0 -24"><span class='ocrx_word' id='word_1_31' title='bbox 322 841 504 925; x_wconf 85' lang='lat' dir='ltr'><strong>tior,</strong></span> <span class='ocrx_word' id='word_1_32' title='bbox 554 861 758 933; x_wconf 82' lang='lat' dir='ltr'><strong>quam</strong></span> <span class='ocrx_word' id='word_1_33' title='bbox 811 837 924 910; x_wconf 90' lang='lat' dir='ltr'><strong>utl</strong></span> <span class='ocrx_word' id='word_1_34' title='bbox 981 841 1286 935; x_wconf 83' lang='lat' dir='ltr'><strong>quinque</strong></span> <span class='ocrx_word' id='word_1_35' title='bbox 1339 841 1476 913; x_wconf 81' lang='lat' dir='ltr'><strong>viri</strong></span> <span class='ocrx_word' id='word_1_36' title='bbox 1519 840 1786 928; x_wconf 86' lang='lat' dir='ltr'><strong>junctis</strong></span> <span class='ocrx_word' id='word_1_37' title='bbox 1834 836 2179 911; x_wconf 84' lang='lat' dir='ltr'><strong>lateribus</strong></span> <span class='ocrx_word' id='word_1_38' title='bbox 2230 842 2341 911; x_wconf 87' lang='lat' dir='ltr'><strong>ire</strong></span> 
     </span>
     <span class='ocr_line' id='line_1_6' title="bbox 320 935 2343 1033; baseline 0.001 -24"><span class='ocrx_word' id='word_1_39' title='bbox 320 947 663 1033; x_wconf 76' lang='lat' dir='ltr'><strong>possent,</strong></span> <span class='ocrx_word' id='word_1_40' title='bbox 734 948 809 1010; x_wconf 90' lang='lat' dir='ltr'><strong>et</strong></span> <span class='ocrx_word' id='word_1_41' title='bbox 874 942 1169 1032; x_wconf 89' lang='lat' dir='ltr'><strong>insuper</strong></span> <span class='ocrx_word' id='word_1_42' title='bbox 1236 939 1474 1012; x_wconf 84' lang='lat' dir='ltr'><strong>ardua.</strong></span> <span class='ocrx_word' id='word_1_43' title='bbox 1594 935 2172 1011; x_wconf 82' lang='lat' dir='ltr'><strong>Birkiheinorum</strong></span> <span class='ocrx_word' id='word_1_44' title='bbox 2223 939 2343 1012; x_wconf 82' lang='lat' dir='ltr'><strong>alii</strong></span> 
     </span>
     <span class='ocr_line' id='line_1_7' title="bbox 321 1037 2337 1131; baseline 0.002 -23"><span class='ocrx_word' id='word_1_45' title='bbox 321 1042 644 1131; x_wconf 85' lang='lat' dir='ltr'><strong>graviter</strong></span> <span class='ocrx_word' id='word_1_46' title='bbox 697 1037 1080 1124; x_wconf 86' lang='lat' dir='ltr'><strong>vulnerati,</strong></span> <span class='ocrx_word' id='word_1_47' title='bbox 1130 1037 1252 1109; x_wconf 84' lang='lat' dir='ltr'><strong>alii</strong></span> <span class='ocrx_word' id='word_1_48' title='bbox 1305 1037 1739 1110; x_wconf 86' lang='lat' dir='ltr'><strong>ceciderunt.</strong></span> <span class='ocrx_word' id='word_1_49' title='bbox 1841 1038 2126 1130; x_wconf 76' lang='lat' dir='ltr'><strong>Quibus</strong></span> <span class='ocrx_word' id='word_1_50' title='bbox 2178 1063 2337 1113; x_wconf 88' lang='lat' dir='ltr'><strong>cum</strong></span> 
     </span>
     <span class='ocr_line' id='line_1_8' title="bbox 319 1137 2338 1233; baseline 0.001 -24"><span class='ocrx_word' id='word_1_51' title='bbox 319 1138 727 1212; x_wconf 78' lang='lat' dir='ltr'><strong>adscensus</strong></span> <span class='ocrx_word' id='word_1_52' title='bbox 756 1138 1169 1212; x_wconf 87' lang='lat' dir='ltr'><strong>difficultate</strong></span> <span class='ocrx_word' id='word_1_53' title='bbox 1200 1137 1784 1224; x_wconf 43' lang='lat' dir='ltr'><strong>conflictantibus</strong></span> <span class='ocrx_word' id='word_1_54' title='bbox 1836 1139 2143 1232; x_wconf 83' lang='lat' dir='ltr'><strong>signifer</strong></span> <span class='ocrx_word' id='word_1_55' title='bbox 2173 1162 2338 1233; x_wconf 85' lang='lat' dir='ltr'><strong>pro·</strong></span> 
     </span>
     <span class='ocr_line' id='line_1_9' title="bbox 318 1237 2338 1333; baseline -0 -20"><span class='ocrx_word' id='word_1_56' title='bbox 318 1247 587 1313; x_wconf 83' lang='lat' dir='ltr'><strong>stratus</strong></span> <span class='ocrx_word' id='word_1_57' title='bbox 640 1249 777 1326; x_wconf 85' lang='lat' dir='ltr'><strong>est,</strong></span> <span class='ocrx_word' id='word_1_58' title='bbox 826 1239 1339 1333; x_wconf 84' lang='lat' dir='ltr'><strong>conflictusque</strong></span> <span class='ocrx_word' id='word_1_59' title='bbox 1369 1237 2038 1312; x_wconf 84' lang='lat' dir='ltr'><strong>vehementissimus</strong></span> <span class='ocrx_word' id='word_1_60' title='bbox 2082 1244 2338 1328; x_wconf 83' lang='lat' dir='ltr'><strong>extitit,</strong></span> 
     </span>
     <span class='ocr_line' id='line_1_10' title="bbox 316 1337 2339 1433; baseline -0 -19"><span class='ocrx_word' id='word_1_61' title='bbox 316 1349 692 1432; x_wconf 77' lang='lat' dir='ltr'><strong>antequam</strong></span> <span class='ocrx_word' id='word_1_62' title='bbox 744 1337 1086 1412; x_wconf 84' lang='lat' dir='ltr'><strong>vexillum</strong></span> <span class='ocrx_word' id='word_1_63' title='bbox 1140 1348 1673 1433; x_wconf 80' lang='lat' dir='ltr'><strong>recuperarent.</strong></span> <span class='ocrx_word' id='word_1_64' title='bbox 1773 1339 1910 1414; x_wconf 85' lang='lat' dir='ltr'><strong>Hic</strong></span> <span class='ocrx_word' id='word_1_65' title='bbox 1940 1338 2339 1415; x_wconf 84' lang='lat' dir='ltr'><strong>Birkibeini</strong></span> 
     </span>
     <span class='ocr_line' id='line_1_11' title="bbox 315 1438 2338 1533; baseline 0 -20"><span class='ocrx_word' id='word_1_66' title='bbox 315 1439 459 1513; x_wconf 84' lang='lat' dir='ltr'><strong>sihi</strong></span> <span class='ocrx_word' id='word_1_67' title='bbox 509 1440 901 1512; x_wconf 84' lang='lat' dir='ltr'><strong>resistendi</strong></span> <span class='ocrx_word' id='word_1_68' title='bbox 950 1438 1356 1514; x_wconf 78' lang='lat' dir='ltr'><strong>facultatem</strong></span> <span class='ocrx_word' id='word_1_69' title='bbox 1407 1462 1550 1512; x_wconf 89' lang='lat' dir='ltr'><strong>non</strong></span> <span class='ocrx_word' id='word_1_70' title='bbox 1603 1460 1777 1511; x_wconf 88' lang='lat' dir='ltr'><strong>esse</strong></span> <span class='ocrx_word' id='word_1_71' title='bbox 1828 1440 2338 1533; x_wconf 49' lang='lat' dir='ltr'><strong>intelligente&amp;</strong></span> 
     </span>
     <span class='ocr_line' id='line_1_12' title="bbox 318 1541 2335 1635; baseline 0.001 -23"><span class='ocrx_word' id='word_1_72' title='bbox 318 1548 530 1632; x_wconf 83' lang='lat' dir='ltr'><strong>terga</strong></span> <span class='ocrx_word' id='word_1_73' title='bbox 575 1547 985 1627; x_wconf 85' lang='lat' dir='ltr'><strong>verterunt3</strong></span> <span class='ocrx_word' id='word_1_74' title='bbox 1040 1559 1336 1634; x_wconf 86' lang='lat' dir='ltr'><strong>quorum</strong></span> <span class='ocrx_word' id='word_1_75' title='bbox 1377 1542 1510 1635; x_wconf 77' lang='lat' dir='ltr'><strong>,qui</strong></span> <span class='ocrx_word' id='word_1_76' title='bbox 1558 1541 1762 1631; x_wconf 86' lang='lat' dir='ltr'><strong>primi</strong></span> <span class='ocrx_word' id='word_1_77' title='bbox 1814 1551 2037 1628; x_wconf 88' lang='lat' dir='ltr'><strong>erant,</strong></span> <span class='ocrx_word' id='word_1_78' title='bbox 2088 1544 2160 1613; x_wconf 93' lang='lat' dir='ltr'><strong>in</strong></span> <span class='ocrx_word' id='word_1_79' title='bbox 2200 1562 2335 1614; x_wconf 86' lang='lat' dir='ltr'><strong>eos</strong></span> 
     </span>
     <span class='ocr_line' id='line_1_13' title="bbox 321 1637 2337 1736; baseline 0.001 -24"><span class='ocrx_word' id='word_1_80' title='bbox 321 1643 442 1736; x_wconf 88' lang='lat' dir='ltr'><strong>qui</strong></span> <span class='ocrx_word' id='word_1_81' title='bbox 494 1638 816 1712; x_wconf 81' lang='lat' dir='ltr'><strong>inferiori</strong></span> <span class='ocrx_word' id='word_1_82' title='bbox 861 1638 1029 1711; x_wconf 92' lang='lat' dir='ltr'><strong>loco</strong></span> <span class='ocrx_word' id='word_1_83' title='bbox 1063 1637 1363 1726; x_wconf 81' lang='lat' dir='ltr'><strong>stabant,</strong></span> <span class='ocrx_word' id='word_1_84' title='bbox 1414 1638 1802 1726; x_wconf 83' lang='lat' dir='ltr'><strong>irruebant,</strong></span> <span class='ocrx_word' id='word_1_85' title='bbox 1854 1652 2068 1735; x_wconf 85' lang='lat' dir='ltr'><strong>atque</strong></span> <span class='ocrx_word' id='word_1_86' title='bbox 2119 1645 2213 1714; x_wconf 87' lang='lat' dir='ltr'><strong>ita</strong></span> <span class='ocrx_word' id='word_1_87' title='bbox 2263 1646 2337 1716; x_wconf 88' lang='lat' dir='ltr'><strong>in</strong></span> 
     </span>
     <span class='ocr_line' id='line_1_14' title="bbox 318 1739 2335 1837; baseline 0.001 -27"><span class='ocrx_word' id='word_1_88' title='bbox 318 1739 604 1837; x_wconf 82' lang='lat' dir='ltr'><strong>planum</strong></span> <span class='ocrx_word' id='word_1_89' title='bbox 656 1739 1224 1828; x_wconf 85' lang='lat' dir='ltr'><strong>descenderunt,</strong></span> <span class='ocrx_word' id='word_1_90' title='bbox 1292 1749 1374 1811; x_wconf 88' lang='lat' dir='ltr'><strong>ut</strong></span> <span class='ocrx_word' id='word_1_91' title='bbox 1432 1739 1619 1811; x_wconf 86' lang='lat' dir='ltr'><strong>alter</strong></span> <span class='ocrx_word' id='word_1_92' title='bbox 1678 1742 1751 1810; x_wconf 89' lang='lat' dir='ltr'><strong>in</strong></span> <span class='ocrx_word' id='word_1_93' title='bbox 1800 1739 2099 1814; x_wconf 87' lang='lat' dir='ltr'><strong>alterum</strong></span> <span class='ocrx_word' id='word_1_94' title='bbox 2152 1764 2335 1836; x_wconf 82' lang='lat' dir='ltr'><strong>prae·</strong></span> 
     </span>
     <span class='ocr_line' id='line_1_15' title="bbox 317 1838 2336 1935; baseline -0.001 -21"><span class='ocrx_word' id='word_1_95' title='bbox 317 1863 500 1935; x_wconf 89' lang='lat' dir='ltr'><strong>ceps</strong></span> <span class='ocrx_word' id='word_1_96' title='bbox 553 1841 860 1914; x_wconf 81' lang='lat' dir='ltr'><strong>daretur.</strong></span> <span class='ocrx_word' id='word_1_97' title='bbox 939 1838 1199 1912; x_wconf 82' lang='lat' dir='ltr'><strong>Coloni</strong></span> <span class='ocrx_word' id='word_1_98' title='bbox 1246 1859 1427 1913; x_wconf 86' lang='lat' dir='ltr'><strong>vero</strong></span> <span class='ocrx_word' id='word_1_99' title='bbox 1459 1861 1596 1912; x_wconf 87' lang='lat' dir='ltr'><strong>eos</strong></span> <span class='ocrx_word' id='word_1_100' title='bbox 1632 1838 1775 1913; x_wconf 80' lang='lat' dir='ltr'><strong>hon</strong></span> <span class='ocrx_word' id='word_1_101' title='bbox 1803 1845 2113 1915; x_wconf 78' lang='lat' dir='ltr'><strong>insecuti</strong></span> <span class='ocrx_word' id='word_1_102' title='bbox 2147 1853 2336 1930; x_wconf 87' lang='lat' dir='ltr'><strong>sunt,</strong></span> 
     </span>
     <span class='ocr_line' id='line_1_16' title="bbox 319 1940 2334 2036; baseline 0 -22"><span class='ocrx_word' id='word_1_103' title='bbox 319 1963 415 2014; x_wconf 94' lang='lat' dir='ltr'><strong>eo</strong></span> <span class='ocrx_word' id='word_1_104' title='bbox 468 1942 662 2036; x_wconf 86' lang='lat' dir='ltr'><strong>quod</strong></span> <span class='ocrx_word' id='word_1_105' title='bbox 713 1944 1079 2023; x_wconf 83' lang='lat' dir='ltr'><strong>maximam</strong></span> <span class='ocrx_word' id='word_1_106' title='bbox 1140 1950 1414 2034; x_wconf 85' lang='lat' dir='ltr'><strong>partem</strong></span> <span class='ocrx_word' id='word_1_107' title='bbox 1469 1944 1833 2014; x_wconf 82' lang='lat' dir='ltr'><strong>exercitus</strong></span> <span class='ocrx_word' id='word_1_108' title='bbox 1880 1940 2334 2016; x_wconf 84' lang='lat' dir='ltr'><strong>Birkiheino-</strong></span> 
     </span>
     <span class='ocr_line' id='line_1_17' title="bbox 317 2041 2334 2136; baseline -0 -20"><span class='ocrx_word' id='word_1_109' title='bbox 317 2064 474 2116; x_wconf 86' lang='lat' dir='ltr'><strong>rum</strong></span> <span class='ocrx_word' id='word_1_110' title='bbox 538 2045 611 2114; x_wconf 87' lang='lat' dir='ltr'><strong>in</strong></span> <span class='ocrx_word' id='word_1_111' title='bbox 668 2063 918 2136; x_wconf 86' lang='lat' dir='ltr'><strong>rupem</strong></span> <span class='ocrx_word' id='word_1_112' title='bbox 972 2044 1353 2114; x_wconf 88' lang='lat' dir='ltr'><strong>enitentem</strong></span> <span class='ocrx_word' id='word_1_113' title='bbox 1407 2044 2072 2115; x_wconf 86' lang='lat' dir='ltr'><strong>animadverterunt.</strong></span> <span class='ocrx_word' id='word_1_114' title='bbox 2171 2041 2334 2115; x_wconf 88' lang='lat' dir='ltr'><strong>Hoc</strong></span> 
     </span>
     <span class='ocr_line' id='line_1_18' title="bbox 317 2141 2333 2238; baseline 0 -23"><span class='ocrx_word' id='word_1_115' title='bbox 317 2146 480 2238; x_wconf 85' lang='lat' dir='ltr'><strong>ipso</strong></span> <span class='ocrx_word' id='word_1_116' title='bbox 531 2152 859 2237; x_wconf 86' lang='lat' dir='ltr'><strong>tempore</strong></span> <span class='ocrx_word' id='word_1_117' title='bbox 910 2143 1306 2215; x_wconf 87' lang='lat' dir='ltr'><strong>adveniens</strong></span> <span class='ocrx_word' id='word_1_118' title='bbox 1356 2165 1494 2216; x_wconf 85' lang='lat' dir='ltr'><strong>rex</strong></span> <span class='ocrx_word' id='word_1_119' title='bbox 1535 2141 1884 2215; x_wconf 83' lang='lat' dir='ltr'><strong>Sverrer:</strong></span> <span class='ocrx_word' id='word_1_120' title='bbox 1935 2146 2150 2230; x_wconf 85' lang='lat' dir='ltr'><strong>itane,</strong></span> <span class='ocrx_word' id='word_1_121' title='bbox 2199 2160 2333 2236; x_wconf 77' lang='lat' dir='ltr'><strong>pro</strong></span> 
     </span>
     <span class='ocr_line' id='line_1_19' title="bbox 316 2242 2403 2338; baseline -0 -23"><span class='ocrx_word' id='word_1_122' title='bbox 316 2246 589 2338; x_wconf 84' lang='lat' dir='ltr'><strong>pudor,</strong></span> <span class='ocrx_word' id='word_1_123' title='bbox 641 2242 923 2334; x_wconf 79' lang='lat' dir='ltr'><strong>fugitis,</strong></span> <span class='ocrx_word' id='word_1_124' title='bbox 987 2252 1068 2313; x_wconf 91' lang='lat' dir='ltr'><strong>ut</strong></span> <span class='ocrx_word' id='word_1_125' title='bbox 1116 2242 1301 2314; x_wconf 83' lang='lat' dir='ltr'><strong>alter</strong></span> <span class='ocrx_word' id='word_1_126' title='bbox 1351 2264 1576 2337; x_wconf 87' lang='lat' dir='ltr'><strong>super</strong></span> <span class='ocrx_word' id='word_1_127' title='bbox 1620 2242 1921 2315; x_wconf 86' lang='lat' dir='ltr'><strong>alterum</strong></span> <span class='ocrx_word' id='word_1_128' title='bbox 1975 2255 2332 2317; x_wconf 84' lang='lat' dir='ltr'><strong>transver-</strong></span> <span class='ocrx_word' id='word_1_129' title='bbox 2395 2249 2403 2254; x_wconf 79' lang='grc'><strong>“</strong></span> 
     </span>
     <span class='ocr_line' id='line_1_20' title="bbox 316 2340 2331 2435; baseline -0.001 -20"><span class='ocrx_word' id='word_1_130' title='bbox 316 2364 447 2415; x_wconf 90' lang='lat' dir='ltr'><strong>sus</strong></span> <span class='ocrx_word' id='word_1_131' title='bbox 490 2344 764 2435; x_wconf 86' lang='lat' dir='ltr'><strong>jaceat!</strong></span> <span class='ocrx_word' id='word_1_132' title='bbox 865 2340 1127 2412; x_wconf 84' lang='lat' dir='ltr'><strong>Nonne</strong></span> <span class='ocrx_word' id='word_1_133' title='bbox 1176 2343 1483 2428; x_wconf 88' lang='lat' dir='ltr'><strong>videtis,</strong></span> <span class='ocrx_word' id='word_1_134' title='bbox 1549 2346 1902 2415; x_wconf 89' lang='lat' dir='ltr'><strong>neminem</strong></span> <span class='ocrx_word' id='word_1_135' title='bbox 1953 2365 2088 2416; x_wconf 86' lang='lat' dir='ltr'><strong>vos</strong></span> <span class='ocrx_word' id='word_1_136' title='bbox 2138 2347 2331 2414; x_wconf 85' lang='lat' dir='ltr'><strong>inse-</strong></span> 
     </span>
     <span class='ocr_line' id='line_1_21' title="bbox 316 2439 2332 2537; baseline 0.002 -23"><span class='ocrx_word' id='word_1_137' title='bbox 316 2443 494 2537; x_wconf 74' lang='lat' dir='ltr'><strong>qui?</strong></span> <span class='ocrx_word' id='word_1_138' title='bbox 613 2439 780 2532; x_wconf 79' lang='lat' dir='ltr'><strong>Quo</strong></span> <span class='ocrx_word' id='word_1_139' title='bbox 848 2441 1039 2512; x_wconf 90' lang='lat' dir='ltr'><strong>dicto</strong></span> <span class='ocrx_word' id='word_1_140' title='bbox 1109 2445 1357 2535; x_wconf 87' lang='lat' dir='ltr'><strong>copias</strong></span> <span class='ocrx_word' id='word_1_141' title='bbox 1417 2446 1491 2522; x_wconf 90' lang='lat' dir='ltr'><strong>in</strong></span> <span class='ocrx_word' id='word_1_142' title='bbox 1541 2443 2096 2515; x_wconf 86' lang='lat' dir='ltr'><strong>Mortostokkos</strong></span> <span class='ocrx_word' id='word_1_143' title='bbox 2163 2442 2332 2518; x_wconf 84' lang='lat' dir='ltr'><strong>tuba</strong></span> 
     </span>
     <span class='ocr_line' id='line_1_22' title="bbox 316 2539 2333 2637; baseline 0.001 -24"><span class='ocrx_word' id='word_1_144' title='bbox 316 2545 649 2614; x_wconf 85' lang='lat' dir='ltr'><strong>revocari</strong></span> <span class='ocrx_word' id='word_1_145' title='bbox 690 2543 923 2634; x_wconf 75' lang='lat' dir='ltr'><strong>Jussit.</strong></span> <span class='ocrx_word' id='word_1_146' title='bbox 1023 2539 1103 2610; x_wconf 91' lang='lat' dir='ltr'><strong>In</strong></span> <span class='ocrx_word' id='word_1_147' title='bbox 1129 2540 1653 2635; x_wconf 84' lang='lat' dir='ltr'><strong>Ryginabergo</strong></span> <span class='ocrx_word' id='word_1_148' title='bbox 1687 2545 2195 2637; x_wconf 86' lang='lat' dir='ltr'><strong>septemdecim</strong></span> <span class='ocrx_word' id='word_1_149' title='bbox 2234 2564 2333 2616; x_wconf 77' lang='lat' dir='ltr'><strong>ex</strong></span> 
     </span>
     <span class='ocr_line' id='line_1_23' title="bbox 315 2641 2332 2736; baseline -0.002 -19"><span class='ocrx_word' id='word_1_150' title='bbox 315 2641 793 2727; x_wconf 78' lang='lat' dir='ltr'><strong>Birkibeinis,</strong></span> <span class='ocrx_word' id='word_1_151' title='bbox 862 2642 981 2736; x_wconf 89' lang='lat' dir='ltr'><strong>qui</strong></span> <span class='ocrx_word' id='word_1_152' title='bbox 1033 2662 1282 2713; x_wconf 83' lang='lat' dir='ltr'><strong>omnes</strong></span> <span class='ocrx_word' id='word_1_153' title='bbox 1333 2642 1547 2715; x_wconf 90' lang='lat' dir='ltr'><strong>aulici</strong></span> <span class='ocrx_word' id='word_1_154' title='bbox 1599 2653 1839 2731; x_wconf 84' lang='lat' dir='ltr'><strong>erant,</strong></span> <span class='ocrx_word' id='word_1_155' title='bbox 1893 2645 2332 2729; x_wconf 85' lang='lat' dir='ltr'><strong>ceciderunt,</strong></span> 
     </span>
     <span class='ocr_line' id='line_1_24' title="bbox 317 2741 2330 2836; baseline -0.003 -16"><span class='ocrx_word' id='word_1_156' title='bbox 317 2743 730 2836; x_wconf 77' lang='lat' dir='ltr'><strong>complures</strong></span> <span class='ocrx_word' id='word_1_157' title='bbox 777 2741 1125 2813; x_wconf 85' lang='lat' dir='ltr'><strong>vulnerati</strong></span> <span class='ocrx_word' id='word_1_158' title='bbox 1176 2752 1360 2814; x_wconf 87' lang='lat' dir='ltr'><strong>sunt.</strong></span> <span class='ocrx_word' id='word_1_159' title='bbox 1474 2742 1612 2816; x_wconf 86' lang='lat' dir='ltr'><strong>Hic</strong></span> <span class='ocrx_word' id='word_1_160' title='bbox 1662 2766 1836 2816; x_wconf 83' lang='lat' dir='ltr'><strong>rex:</strong></span> <span class='ocrx_word' id='word_1_161' title='bbox 1903 2745 2095 2817; x_wconf 80' lang='lat' dir='ltr'><strong>bono</strong></span> <span class='ocrx_word' id='word_1_162' title='bbox 2165 2754 2330 2815; x_wconf 88' lang='lat' dir='ltr'><strong>este</strong></span> 
     </span>
     <span class='ocr_line' id='line_1_25' title="bbox 315 2840 2331 2939; baseline -0 -22"><span class='ocrx_word' id='word_1_163' title='bbox 315 2846 586 2929; x_wconf 82' lang='lat' dir='ltr'><strong>animo,</strong></span> <span class='ocrx_word' id='word_1_164' title='bbox 668 2840 971 2929; x_wconf 89' lang='lat' dir='ltr'><strong>milites,</strong></span> <span class='ocrx_word' id='word_1_165' title='bbox 1054 2846 1329 2930; x_wconf 88' lang='lat' dir='ltr'><strong>etiamsi</strong></span> <span class='ocrx_word' id='word_1_166' title='bbox 1406 2841 1832 2939; x_wconf 86' lang='lat' dir='ltr'><strong>aliquantum</strong></span> <span class='ocrx_word' id='word_1_167' title='bbox 1904 2845 2331 2917; x_wconf 86' lang='lat' dir='ltr'><strong>incommodi</strong></span> 
     </span>
     <span class='ocr_line' id='line_1_26' title="bbox 314 2942 2331 3040; baseline -0 -23"><span class='ocrx_word' id='word_1_168' title='bbox 314 2947 841 3037; x_wconf 86' lang='lat' dir='ltr'><strong>acceperimus:</strong></span> <span class='ocrx_word' id='word_1_169' title='bbox 893 2964 1095 3037; x_wconf 80' lang='lat' dir='ltr'><strong>saepe</strong></span> <span class='ocrx_word' id='word_1_170' title='bbox 1147 2942 1290 3016; x_wconf 87' lang='lat' dir='ltr'><strong>hoc</strong></span> <span class='ocrx_word' id='word_1_171' title='bbox 1341 2946 1411 3016; x_wconf 93' lang='lat' dir='ltr'><strong>in</strong></span> <span class='ocrx_word' id='word_1_172' title='bbox 1465 2951 1640 3017; x_wconf 82' lang='lat' dir='ltr'><strong>mari</strong></span> <span class='ocrx_word' id='word_1_173' title='bbox 1674 2967 1811 3017; x_wconf 90' lang='lat' dir='ltr'><strong>usu</strong></span> <span class='ocrx_word' id='word_1_174' title='bbox 1840 2950 2056 3031; x_wconf 87' lang='lat' dir='ltr'><strong>venit,</strong></span> <span class='ocrx_word' id='word_1_175' title='bbox 2108 2949 2331 3040; x_wconf 86' lang='lat' dir='ltr'><strong>inquit</strong></span> 
     </span>
     <span class='ocr_line' id='line_1_27' title="bbox 314 3043 2326 3140; baseline 0.001 -26"><span class='ocrx_word' id='word_1_176' title='bbox 314 3044 570 3139; x_wconf 85' lang='lat' dir='ltr'><strong>phoca,</strong></span> <span class='ocrx_word' id='word_1_177' title='bbox 621 3043 906 3115; x_wconf 88' lang='lat' dir='ltr'><strong>oculum</strong></span> <span class='ocrx_word' id='word_1_178' title='bbox 943 3043 1094 3115; x_wconf 87' lang='lat' dir='ltr'><strong>telo</strong></span> <span class='ocrx_word' id='word_1_179' title='bbox 1134 3061 1505 3137; x_wconf 87' lang='lat' dir='ltr'><strong>percussa.</strong></span> <span class='ocrx_word' id='word_1_180' title='bbox 1605 3044 1766 3116; x_wconf 83' lang='lat' dir='ltr'><strong>Jam</strong></span> <span class='ocrx_word' id='word_1_181' title='bbox 1807 3046 2068 3132; x_wconf 87' lang='lat' dir='ltr'><strong>coloni,</strong></span> <span class='ocrx_word' id='word_1_182' title='bbox 2123 3069 2326 3140; x_wconf 83' lang='lat' dir='ltr'><strong>quam</strong></span> 
     </span>
     <span class='ocr_line' id='line_1_28' title="bbox 318 3142 2328 3237; baseline -0.001 -22"><span class='ocrx_word' id='word_1_183' title='bbox 318 3165 413 3215; x_wconf 85' lang='lat' dir='ltr'><strong>ex</strong></span> <span class='ocrx_word' id='word_1_184' title='bbox 443 3143 653 3214; x_wconf 83' lang='lat' dir='ltr'><strong>nohis</strong></span> <span class='ocrx_word' id='word_1_185' title='bbox 680 3142 919 3214; x_wconf 79' lang='lat' dir='ltr'><strong>ferent</strong></span> <span class='ocrx_word' id='word_1_186' title='bbox 942 3145 1333 3228; x_wconf 88' lang='lat' dir='ltr'><strong>victoriam,</strong></span> <span class='ocrx_word' id='word_1_187' title='bbox 1383 3155 1870 3237; x_wconf 88' lang='lat' dir='ltr'><strong>reportavere.</strong></span> <span class='ocrx_word' id='word_1_188' title='bbox 1943 3145 2078 3216; x_wconf 89' lang='lat' dir='ltr'><strong>Hic</strong></span> <span class='ocrx_word' id='word_1_189' title='bbox 2111 3166 2328 3216; x_wconf 88' lang='lat' dir='ltr'><strong>even-</strong></span> 
     </span>
     <span class='ocr_line' id='line_1_29' title="bbox 315 3242 2326 3337; baseline 0 -21"><span class='ocrx_word' id='word_1_190' title='bbox 315 3252 394 3316; x_wconf 89' lang='lat' dir='ltr'><strong>tu</strong></span> <span class='ocrx_word' id='word_1_191' title='bbox 437 3243 806 3337; x_wconf 82' lang='lat' dir='ltr'><strong>probatum</strong></span> <span class='ocrx_word' id='word_1_192' title='bbox 841 3251 979 3326; x_wconf 87' lang='lat' dir='ltr'><strong>est,</strong></span> <span class='ocrx_word' id='word_1_193' title='bbox 1030 3242 1226 3336; x_wconf 82' lang='lat' dir='ltr'><strong>quod</strong></span> <span class='ocrx_word' id='word_1_194' title='bbox 1258 3242 1405 3313; x_wconf 88' lang='lat' dir='ltr'><strong>vidi</strong></span> <span class='ocrx_word' id='word_1_195' title='bbox 1433 3246 1820 3316; x_wconf 86' lang='lat' dir='ltr'><strong>somnium:</strong></span> <span class='ocrx_word' id='word_1_196' title='bbox 1873 3243 2039 3315; x_wconf 90' lang='lat' dir='ltr'><strong>mihi</strong></span> <span class='ocrx_word' id='word_1_197' title='bbox 2072 3243 2326 3317; x_wconf 85' lang='lat' dir='ltr'><strong>librum</strong></span> 
     </span>
     <span class='ocr_line' id='line_1_30' title="bbox 315 3335 2330 3438; baseline -0.002 -20"><span class='ocrx_word' id='word_1_198' title='bbox 315 3366 530 3431; x_wconf 84' lang='lat' dir='ltr'><strong>esse,</strong></span> <span class='ocrx_word' id='word_1_199' title='bbox 596 3353 821 3416; x_wconf 85' lang='lat' dir='ltr'><strong>totum</strong></span> <span class='ocrx_word' id='word_1_200' title='bbox 875 3342 1341 3429; x_wconf 87' lang='lat' dir='ltr'><strong>dissolutum,</strong></span> <span class='ocrx_word' id='word_1_201' title='bbox 1400 3335 1757 3438; x_wconf 66' lang='lat' dir='ltr'><strong>tantaeque</strong></span> <span class='ocrx_word' id='word_1_202' title='bbox 1807 3345 2330 3437; x_wconf 82' lang='lat' dir='ltr'><strong>magnitudinis,</strong></span> 
     </span>
     <span class='ocr_line' id='line_1_31' title="bbox 311 3447 2326 3538; baseline 0 -21"><span class='ocrx_word' id='word_1_203' title='bbox 311 3459 393 3517; x_wconf 90' lang='lat' dir='ltr'><strong>ut</strong></span> <span class='ocrx_word' id='word_1_204' title='bbox 439 3467 761 3536; x_wconf 76' lang='lat' dir='ltr'><strong>magnam</strong></span> <span class='ocrx_word' id='word_1_205' title='bbox 811 3447 1019 3538; x_wconf 84' lang='lat' dir='ltr'><strong>regni</strong></span> <span class='ocrx_word' id='word_1_206' title='bbox 1071 3452 1339 3537; x_wconf 75' lang='lat' dir='ltr'><strong>partem</strong></span> <span class='ocrx_word' id='word_1_207' title='bbox 1393 3454 1817 3538; x_wconf 86' lang='lat' dir='ltr'><strong>occuparet,</strong></span> <span class='ocrx_word' id='word_1_208' title='bbox 1878 3467 2094 3517; x_wconf 90' lang='lat' dir='ltr'><strong>unum</strong></span> <span class='ocrx_word' id='word_1_209' title='bbox 2146 3466 2326 3517; x_wconf 85' lang='lat' dir='ltr'><strong>vero</strong></span> 
     </span>
     <span class='ocr_line' id='line_1_32' title="bbox 313 3545 2326 3642; baseline -0.002 -23"><span class='ocrx_word' id='word_1_210' title='bbox 313 3545 651 3619; x_wconf 90' lang='lat' dir='ltr'><strong>volumen</strong></span> <span class='ocrx_word' id='word_1_211' title='bbox 701 3566 796 3616; x_wconf 85' lang='lat' dir='ltr'><strong>ex</strong></span> <span class='ocrx_word' id='word_1_212' title='bbox 845 3545 987 3616; x_wconf 74' lang='lat' dir='ltr'><strong>h&#39;oc</strong></span> <span class='ocrx_word' id='word_1_213' title='bbox 1040 3545 1223 3615; x_wconf 85' lang='lat' dir='ltr'><strong>libro</strong></span> <span class='ocrx_word' id='word_1_214' title='bbox 1275 3557 1679 3639; x_wconf 86' lang='lat' dir='ltr'><strong>surreptum</strong></span> <span class='ocrx_word' id='word_1_215' title='bbox 1732 3567 1940 3635; x_wconf 85' lang='lat' dir='ltr'><strong>esse3</strong></span> <span class='ocrx_word' id='word_1_216' title='bbox 2002 3567 2147 3642; x_wconf 86' lang='lat' dir='ltr'><strong>quo</strong></span> <span class='ocrx_word' id='word_1_217' title='bbox 2197 3567 2326 3616; x_wconf 84' lang='lat' dir='ltr'><strong>no·</strong></span> 
     </span>
    </p>
   </div>
   <div class='ocr_carea' id='block_1_3' title="bbox 172 3644 2327 3739">
    <p class='ocr_par' dir='ltr' id='par_1_3' title="bbox 172 3644 2327 3739">
     <span class='ocr_line' id='line_1_33' title="bbox 172 3644 2327 3739; baseline 0.001 -24"><span class='ocrx_word' id='word_1_218' title='bbox 172 3710 178 3715; x_wconf 88' lang='lat'><em>.</em></span> <span class='ocrx_word' id='word_1_219' title='bbox 313 3649 446 3719; x_wconf 87' lang='lat' dir='ltr'><strong>stri</strong></span> <span class='ocrx_word' id='word_1_220' title='bbox 496 3667 539 3715; x_wconf 80' lang='lat' dir='ltr'><strong>a</strong></span> <span class='ocrx_word' id='word_1_221' title='bbox 587 3644 868 3717; x_wconf 87' lang='lat' dir='ltr'><strong>colonis</strong></span> <span class='ocrx_word' id='word_1_222' title='bbox 932 3648 1265 3739; x_wconf 85' lang='lat' dir='ltr'><strong>oppressi</strong></span> <span class='ocrx_word' id='word_1_223' title='bbox 1327 3645 1831 3739; x_wconf 84' lang='lat' dir='ltr'><strong>significantur.</strong></span> <span class='ocrx_word' id='word_1_224' title='bbox 1950 3645 2181 3736; x_wconf 81' lang='lat' dir='ltr'><strong>Quam</strong></span> <span class='ocrx_word' id='word_1_225' title='bbox 2233 3644 2327 3719; x_wconf 86' lang='lat' dir='ltr'><strong>ob</strong></span> 
     </span>
    </p>
   </div>
   <div class='ocr_carea' id='block_1_4' title="bbox 311 3743 2379 4139">
    <p class='ocr_par' dir='ltr' id='par_1_4' title="bbox 311 3743 2379 4139">
     <span class='ocr_line' id='line_1_34' title="bbox 311 3743 2328 3841; baseline -0.002 -21"><span class='ocrx_word' id='word_1_226' title='bbox 311 3769 465 3820; x_wconf 86' lang='lat' dir='ltr'><strong>rem</strong></span> <span class='ocrx_word' id='word_1_227' title='bbox 518 3743 1030 3816; x_wconf 86' lang='lat' dir='ltr'><strong>multitudinem</strong></span> <span class='ocrx_word' id='word_1_228' title='bbox 1099 3746 1513 3821; x_wconf 89' lang='lat' dir='ltr'><strong>colonorum</strong></span> <span class='ocrx_word' id='word_1_229' title='bbox 1587 3767 1676 3817; x_wconf 89' lang='lat' dir='ltr'><strong>ne</strong></span> <span class='ocrx_word' id='word_1_230' title='bbox 1743 3751 2111 3835; x_wconf 83' lang='lat' dir='ltr'><strong>metuatis,</strong></span> <span class='ocrx_word' id='word_1_231' title='bbox 2183 3749 2328 3841; x_wconf 85' lang='lat' dir='ltr'><strong>qui,</strong></span> 
     </span>
     <span class='ocr_line' id='line_1_35' title="bbox 314 3844 2323 3941; baseline -0.002 -20"><span class='ocrx_word' id='word_1_232' title='bbox 314 3871 459 3941; x_wconf 90' lang='lat' dir='ltr'><strong>quo</strong></span> <span class='ocrx_word' id='word_1_233' title='bbox 521 3849 665 3918; x_wconf 89' lang='lat' dir='ltr'><strong>sint</strong></span> <span class='ocrx_word' id='word_1_234' title='bbox 728 3866 865 3916; x_wconf 90' lang='lat' dir='ltr'><strong>una</strong></span> <span class='ocrx_word' id='word_1_235' title='bbox 930 3844 1178 3937; x_wconf 88' lang='lat' dir='ltr'><strong>plures</strong></span> <span class='ocrx_word' id='word_1_236' title='bbox 1231 3867 1322 3916; x_wconf 90' lang='lat' dir='ltr'><strong>eo</strong></span> <span class='ocrx_word' id='word_1_237' title='bbox 1375 3850 1585 3939; x_wconf 88' lang='lat' dir='ltr'><strong>pejus</strong></span> <span class='ocrx_word' id='word_1_238' title='bbox 1635 3866 1787 3919; x_wconf 87' lang='lat' dir='ltr'><strong>rem</strong></span> <span class='ocrx_word' id='word_1_239' title='bbox 1840 3851 2116 3939; x_wconf 86' lang='lat' dir='ltr'><strong>gesturi</strong></span> <span class='ocrx_word' id='word_1_240' title='bbox 2165 3851 2323 3917; x_wconf 85' lang='lat' dir='ltr'><strong>sint.</strong></span> 
     </span>
     <span class='ocr_line' id='line_1_36' title="bbox 312 3943 2373 4041; baseline 0 -23"><span class='ocrx_word' id='word_1_241' title='bbox 312 3946 559 4020; x_wconf 85' lang='lat' dir='ltr'><strong>Porro·</strong></span> <span class='ocrx_word' id='word_1_242' title='bbox 602 3966 738 4017; x_wconf 84' lang='lat' dir='ltr'><strong>rex</strong></span> <span class='ocrx_word' id='word_1_243' title='bbox 782 3943 1128 4018; x_wconf 83' lang='lat' dir='ltr'><strong>Sverrer:</strong></span> <span class='ocrx_word' id='word_1_244' title='bbox 1180 3944 1338 4032; x_wconf 85' lang='lat' dir='ltr'><strong>hac,</strong></span> <span class='ocrx_word' id='word_1_245' title='bbox 1390 3948 1634 4041; x_wconf 82' lang='lat' dir='ltr'><strong>inquit,</strong></span> <span class='ocrx_word' id='word_1_246' title='bbox 1685 3951 1801 4019; x_wconf 87' lang='lat' dir='ltr'><strong>via</strong></span> <span class='ocrx_word' id='word_1_247' title='bbox 1853 3968 1988 4018; x_wconf 89' lang='lat' dir='ltr'><strong>nos</strong></span> <span class='ocrx_word' id='word_1_248' title='bbox 2039 3949 2324 4019; x_wconf 76' lang='lat' dir='ltr'><strong>sursuui</strong></span> <span class='ocrx_word' id='word_1_249' title='bbox 2368 3944 2373 3949; x_wconf 75' lang='grc'><strong><em>’</em></strong></span> 
     </span>
     <span class='ocr_line' id='line_1_37' title="bbox 315 4043 2379 4139; baseline -0.001 -21"><span class='ocrx_word' id='word_1_250' title='bbox 315 4057 855 4131; x_wconf 80' lang='lat' dir='ltr'><strong>convertamuS‚</strong></span> <span class='ocrx_word' id='word_1_251' title='bbox 923 4043 1232 4139; x_wconf 87' lang='lat' dir='ltr'><strong>locoque</strong></span> <span class='ocrx_word' id='word_1_252' title='bbox 1297 4048 1528 4117; x_wconf 91' lang='lat' dir='ltr'><strong>minus</strong></span> <span class='ocrx_word' id='word_1_253' title='bbox 1579 4047 1806 4119; x_wconf 76' lang='lat' dir='ltr'><strong>arduo</strong></span> <span class='ocrx_word' id='word_1_254' title='bbox 1858 4047 1947 4117; x_wconf 87' lang='lat' dir='ltr'><strong>ab</strong></span> <span class='ocrx_word' id='word_1_255' title='bbox 2001 4045 2327 4118; x_wconf 87' lang='lat' dir='ltr'><strong>orientali</strong></span> <span class='ocrx_word' id='word_1_256' title='bbox 2368 4061 2379 4066; x_wconf 65' lang='lat'>‘</span> 
     </span>
    </p>
   </div>
   <div class='ocr_carea' id='block_1_5' title="bbox 388 4172 1208 4252">
    <p class='ocr_par' dir='ltr' id='par_1_5' title="bbox 388 4172 1208 4252">
     <span class='ocr_line' id='line_1_38' title="bbox 388 4172 1208 4252; baseline -0.016 -17"><span class='ocrx_word' id='word_1_257' title='bbox 388 4175 432 4244; x_wconf 85' lang='lat'><strong>¹)</strong></span> <span class='ocrx_word' id='word_1_258' title='bbox 471 4194 693 4252; x_wconf 74' lang='lat' dir='ltr'><strong>quatuor</strong></span> <span class='ocrx_word' id='word_1_259' title='bbox 729 4187 835 4245; x_wconf 66' lang='lat' dir='ltr'><strong>eut,</strong></span> <span class='ocrx_word' id='word_1_260' title='bbox 873 4176 1007 4231; x_wconf 72' lang='lat' dir='ltr'><strong>aad.</strong></span> <span class='ocrx_word' id='word_1_261' title='bbox 1048 4174 1117 4239; x_wconf 82' lang='lat' dir='ltr'><strong>B,</strong></span> <span class='ocrx_word' id='word_1_262' title='bbox 1147 4172 1208 4227; x_wconf 78' lang='lat' dir='ltr'><strong>F.</strong></span> 
     </span>
    </p>
   </div>
  </div>
 </body>
</html>
