2950 4709
358 358 1168 429 0.13-14.msronm
1226 361 1448 412 uncis
1505 363 1940 412 svnuul-:um
2107 363 2124 374 ·
2259 337 2379 424 23

356 548 592 621 tandis
642 569 830 642 quos
875 552 1016 643 jam
1066 559 1273 621 antea
1322 546 1720 621 sustulerat
1768 515 1994 643 impar
2041 568 2215 620 esse
2265 550 2371 620 vi

361 648 705 735 debatur,
777 659 1012 720 tamen
1072 655 1202 722 rati
1271 651 1360 721 ad
1413 653 1633 745 ripam
1686 650 1964 721 admota
2015 648 2370 720 bominem

356 765 620 842 'magno
673 760 1040 822 vectorum
1094 751 1416 844 periculo
1467 753 1764 843 recepit.
1868 749 2012 843 Qui
2054 772 2211 821 cum
2265 753 2367 819 in-

359 861 472 921 tra
523 853 722 921 ratim
776 860 1115 944 receptus
1168 860 1404 937 esset,
1455 874 1636 945 aqua
1681 871 1904 943 super
1954 871 2188 943 genua
2241 871 2367 920 ex-

344 952 689 1040 ,uudavit3
741 955 1186 1045 trajectoque
1237 952 1379 1022 boc
1428 963 1636 1044 pacto
1692 950 1884 1038 lacu,
1936 952 2025 1021 ad
2077 951 2368 1022 caducae

362 1051 646 1122 arboris
709 1060 1033 1123 truncum
1104 1052 1565 1145 adpulerunt,
1636 1060 1711 1121 et
1776 1073 1818 1122 e
1880 1053 2010 1123 rati
2079 1053 2370 1144 egressi

364 1161 553 1223 sunt.
652 1149 871 1236 Rex,
928 1154 1048 1244 qui
1098 1156 1527 1225 novissimus
1577 1152 1854 1237 exibat,
1908 1152 2200 1244 gradum
2253 1154 2371 1223 vix

358 1260 793 1337 retraxerat,
847 1274 1005 1323 eum
1056 1262 1254 1323 rates
1304 1256 1456 1324 saxi
1509 1256 1728 1324 instar
1776 1252 2099 1324 subsidit.
2184 1251 2369 1343 Quae

363 1372 494 1423 res
579 1373 738 1422 cum
796 1355 939 1444 jam
1004 1361 1150 1423 tum
1224 1353 1548 1426 omnibus
1612 1353 2090 1426 memorabilis
2155 1362 2369 1447 atque

360 1451 708 1525 mirabilis
755 1454 913 1524 visa
963 1455 1092 1539 sit,
1163 1476 1346 1525 nunc
1394 1456 1655 1525 nemini
1701 1475 1841 1525 non
1893 1463 2217 1547 apparet,
2285 1451 2368 1522 il·
2407 1511 2424 1518 ,

363 1552 507 1625 lam
555 1562 776 1624 ratem
843 1574 1026 1630 onus
1076 1564 1449 1647 portasse,
1518 1554 1706 1649 q'uod
1758 1557 2076 1623 maximis
2128 1551 2371 1638 rebus,

365 1676 531 1749 quae
574 1653 884 1725 nondum
919 1663 1118 1725 erant
1153 1664 1411 1747 gestae,
1465 1655 1911 1738 destinatum,
1960 1655 2372 1746 majorique,

350 1776 572 1850 quam
611 1764 777 1826 tunc
809 1766 984 1842 erat,
1037 1755 1359 1848 dignitati
1395 1762 1838 1826 reservatum
1877 1763 2100 1839 esset,
2155 1774 2371 1847 quan·

367 1856 751 1949 doquidem
803 1865 1024 1941 rateS,
1072 1878 1257 1931 onus
1306 1853 1662 1926 hominum
1716 1854 1984 1940 ferens,
2036 1857 2239 1949 aquis
2269 1856 2370 1922 in-

364 1955 685 2042 natabat,
746 1955 957 2026 simul
1010 1966 1246 2030 autem
1297 1966 1374 2028 ut
1423 1959 1711 2049 egressi
1763 1964 1997 2043 erant,
2049 1954 2372 2028 subsidit.

364 2056 554 2127 Exin
611 2056 788 2127 duas
838 2063 1098 2128 noctes
1147 2062 1216 2128 in
1269 2056 1652 2129 solitudine
1701 2056 2201 2142 versabantur,
2266 2058 2370 2125 ni-

366 2155 469 2227 bil
520 2156 869 2228 habentes
920 2179 1063 2251 quo
1116 2158 1367 2231 famem
1425 2156 1913 2251 depellerent,
1969 2167 2236 2253 praeter
2284 2154 2369 2225 li-

363 2257 542 2328 bros
591 2256 919 2330 arborum
975 2267 1048 2328 et
1077 2259 1340 2331 betulae
1369 2280 1699 2348 succum3
1753 2266 1833 2330 ut
1863 2268 2081 2330 totum
2114 2276 2372 2349 agmen

365 2361 582 2431 tertio
652 2358 769 2429 die
837 2357 1108 2431 viribus
1174 2381 1379 2453 paene
1448 2358 1873 2431 exhaustum
1939 2368 2161 2432 esset.
2259 2355 2373 2426 Illi

362 2468 600 2529 tamen
651 2462 793 2530 iter
841 2479 973 2552 per
1022 2459 1204 2531 banc
1253 2459 1706 2531 solitudinem
1760 2458 1945 2529 adeo
1981 2458 2369 2537 contende-

365 2559 573 2657 bant,
621 2570 703 2631 ut
748 2568 1013 2631 tantum
1063 2557 1457 2631 tredecim1
1515 2559 1869 2646 milliaria,
1921 2579 2153 2653 eaque
2204 2556 2368 2629 bre-

365 2662 507 2747 via,
559 2670 933 2731 restarent.
1017 2660 1191 2732 Cum
1245 2682 1424 2733 vero
1480 2660 1832 2753 objectum
1885 2660 2073 2731 forte
2122 2663 2369 2751 ingen-

360 2769 508 2831 tem
577 2761 861 2832 fluvium
913 2764 1401 2854 trajecissent,
1467 2771 1549 2833 ut
1614 2764 1876 2855 quique
1927 2764 2371 2847 transierant,

366 2863 437 2931 in
491 2863 643 2953 ripa
693 2860 1227 2948 decubuerunt,
1294 2884 1531 2956 neque
1594 2862 1882 2954 longius
1937 2861 2029 2933 ob
2088 2861 2369 2932 lassitu-

368 2962 642 3048 dinem,
696 2985 833 3056 qua
875 2966 1029 3055 jam
1073 2971 1276 3035 erant
1323 2963 1672 3068 confecti,
1723 2963 2067 3056 progredi
2117 2960 2368 3032 volue-

364 3071 547 3132 runt.
664 3062 871 3150 Rex,
940 3066 1057 3157 qui
1123 3061 1588 3135 novissimum
1646 3085 1903 3156 agmen
1971 3061 2370 3146 claudebat,

369 3162 655 3256 duoque
707 3162 823 3233 alii
878 3185 1011 3256 per
1061 3164 1347 3255 longum
1401 3168 1700 3255 spatium
1741 3163 2064 3233 secundo
2092 3162 2370 3231 flumine

366 3261 675 3355 abrepti,
740 3265 1165 3359 tandemque
1217 3264 1305 3334 ad
1359 3271 1616 3334 terram
1670 3260 1924 3349 delati,
1991 3262 2372 3354 requieve-

365 3372 548 3433 runt.
647 3363 782 3434 Hie
845 3386 979 3435 rex
1046 3386 1226 3436 suos
1301 3363 1511 3436 dictis
1562 3363 2032 3448 confirmavit,
2102 3370 2372 3433 tractus

367 3461 721 3535 habitatos
770 3465 976 3537 brevi
1026 3466 1193 3535 inde
1245 3468 1476 3559 spatio
1528 3465 1792 3537 abesse
1849 3465 2120 3548 dicens,
2170 3481 2372 3555 spem

260 3571 269 3576 '
365 3563 680 3650 facienS,
749 3570 813 3637 si
866 3566 1147 3636 tandem
1199 3564 1576 3660 aliquando
1625 3567 1717 3637 ad
1768 3564 2191 3636 christianos
2242 3561 2372 3634 bo-

366 3667 599 3734 mines
647 3670 1178 3758 pervenissent,
1227 3666 1388 3796 sore
1436 3677 1518 3738 ut
1566 3667 1801 3739 laetior
1850 3686 2090 3735 rerum
2128 3664 2372 3734 condi-

365 3767 467 3835 tio
516 3763 915 3857 affulgeret.

748 3865 874 3937 De
920 3864 1309 3938 itineribus
1355 3868 1559 3962 φορεῖς
1610 3862 2011 3936 Sverrem.

572 3963 689 4036 14.
790 3964 978 4051 Post
1041 3965 1201 4038 haec
1266 3988 1396 4037 rex
1451 3969 1520 4036 in
1572 3966 1755 4038 fines
1804 3963 2197 4035 Jamtorum
2249 3985 2373 4034 ve-

364 4067 485 4136 nit.
586 4063 731 4156 Qui
781 4089 941 4138 cum
995 4070 1063 4139 ei
1103 4069 1452 4139 resistere
1487 4074 1940 4150 conarentur,
1987 4062 2375 4155 Sigurdum

438 4195 492 4266 ¹)
530 4199 939 4270 quatuordecim,
978 4198 1050 4264 G,
1092 4199 1156 4262 F,
1197 4197 1280 4263 H,-
1316 4199 1609 4265 duodecim,
1651 4196 1714 4249 B.

2641 4195 2919 4639 ,J
