2950 4709
617 341 727 431 16
1046 365 1411 422 marolus
1465 331 1694 422 uncis
1745 372 2181 421 svmnnurs.
2451 372 2525 436 c,
2554 371 2615 437 9.

610 554 847 626 medio
897 553 1309 627 sublaturos
1361 554 1810 638 denuntietis.
1907 554 2022 626 llli
2070 557 2381 641 interea,
2448 556 2615 627 dum

609 655 698 725 ad
750 654 1128 748 Birgerem
1181 655 1550 748 dynastam
1600 659 1739 727 iter
1788 656 2148 742 facerent,
2224 660 2614 727 constitue-

608 765 786 841 rant,
830 757 957 849 ‘qui
1008 753 1431 826 Sverrerem
1488 756 1961 842 custodirent3
2001 778 2172 827 nam
2204 753 2323 827 hic
2355 754 2613 826 Hiero-
2663 797 2687 824 x

608 854 891 946 solyma
942 854 1295 948 proficisci
1343 863 1710 945 statuerat,
1761 875 1996 950 neque
2054 859 2236 926 enim
2273 876 2358 925 se
2381 876 2611 949 quen-

608 977 839 1048 quam,
891 976 932 1026 a
985 976 1127 1047 quo
1178 964 1431 1049 posset
1460 953 1788 1025 auxilium
1820 965 2272 1046 exspectare,
2321 957 2394 1023 in
2422 954 2612 1027 Nor-

606 1057 817 1145 vegia
868 1057 1312 1126 inventurum
1364 1054 1848 1126 arbitrabatur.
1948 1051 2173 1126 Tanta
2225 1057 2408 1125 enim
2446 1076 2610 1126 cru-

608 1154 897 1224 delitate
963 1174 1095 1223 rex
1145 1153 1461 1245 Magnus
1509 1153 1990 1247 Erlingusque
2045 1154 2345 1246 dynasta
2393 1163 2609 1225 totam

607 1275 763 1324 eam
814 1252 1139 1324 familiam
1188 1261 1635 1340 tractaverat,
1689 1263 1767 1325 ut
1812 1274 2023 1324 nemo
2054 1252 2438 1346 Sigurdum
2488 1264 2612 1325 aut

602 1352 973 1424 Hakouem
1041 1355 1249 1445 regio
1314 1356 1600 1424 nomine
1668 1352 2033 1447 appellare
2085 1357 2610 1426 mentionemve

605 1452 852 1524 facere
905 1453 1225 1523 auderet.
1324 1450 1549 1543 Igitur
1601 1454 1815 1524 iidem
1866 1455 1999 1524 viri
2042 1452 2132 1525 ad
2179 1451 2608 1525 Sverrerem

604 1575 765 1624 cum
822 1551 1049 1623 literis
1103 1553 1300 1643 regis
1354 1552 1568 1622 Knuti
1623 1563 1698 1624 et
1744 1550 2071 1645 Birgeris
2123 1554 2444 1644 dynastae
2487 1574 2606 1623 re-

606 1656 909 1739 dierunt,
964 1671 1269 1746 eumque
1318 1654 1415 1723 ita
1464 1663 1631 1724 sunt
1679 1653 1896 1724 allati:
1948 1673 2040 1723 ne
2094 1652 2317 1724 verba
2361 1663 2608 1723 nostra

600 1751 801 1823 nihili
849 1752 1095 1823 facere
1144 1751 1498 1838 videaris,
1577 1754 1859 1823 exorari
1912 1762 1985 1822 te
2038 1755 2358 1846 patiariS‚
2425 1751 2606 1823 banc

599 1863 888 1924 tenuem
955 1851 1332 1922 factionem
1399 1861 1481 1923 ut
1544 1849 1877 1944 adjuves}
1962 1863 2035 1923 et
2102 1856 2203 1923 uti
2267 1860 2471 1923 antea
2533 1856 2605 1923 in

603 1971 822 2034 causa
891 1960 1009 2022 tua
1075 1950 1630 2032 commendanda
1694 1954 2065 2044 parciores
2129 1951 2470 2038 fuimuS,.
2508 1954 2604 2024 ita

478 2053 491 2062 “
599 2071 789 2123 nunc
838 2048 1279 2143 pollicemur,
1331 2072 1466 2121 nos
1515 2072 1814 2143 regnum
1865 2059 2059 2149 tuum
2087 2072 2602 2147 usquequaque

601 2161 929 2245 quantum
998 2153 1386 2242 poterimus
1452 2149 1820 2244 adjuturos
1904 2160 1978 2220 et
2047 2151 2602 2224 confirmaturos·

599 2251 729 2321 At.
776 2252 1091 2343 quamvis
1171 2268 1330 2319 eum
1402 2249 1517 2321 his
1583 2248 1861 2321 blandis
1919 2248 2166 2322 verbis
2235 2252 2601 2323 adducere

599 2358 1062 2435 conarentur,
1140 2361 1410 2435 tamen,
1485 2372 1642 2422 cum
1711 2371 1799 2422 se
1862 2358 2072 2420 tautae
2140 2354 2248 2420 rei
2317 2353 2601 2423 omuino

596 2454 934 2543 imparem
984 2451 1316 2535 sentiret,
1378 2470 1643 2543 preces
1694 2470 1942 2521 eorum
1992 2450 2413 2543 aspernatus
2465 2460 2602 2522 est.

594 2549 775 2621 Tum
831 2551 1110 2621 demum
1160 2548 1558 2622 ultimorum
1592 2550 1913 2644 dynastae
1941 2547 2272 2642 Birgeris
2316 2551 2600 2621 manda-
2707 2567 2714 2570 ·

594 2659 827 2720 torum
892 2649 1286 2733 recordati,
1355 2670 1519 2720 eum
1588 2670 1682 2721 ex
1742 2649 2014 2720 duabus
2075 2650 2601 2721 conditionibus

510 2801 521 2808 κ
596 2746 1001 2819 alterutram
1070 2747 1349 2839 eligere
1405 2752 1817 2842 jusserunt,
1893 2743 2123 2830 utrum
2173 2749 2395 2821 rebus
2445 2754 2599 2822 suis

595 2848 959 2940 opitulari,
1026 2870 1115 2918 an
1175 2850 1400 2940 primo
1452 2867 1739 2943 quoque
1790 2857 2113 2941 tempore
2163 2848 2405 2920 ultima
2454 2853 2600 2943 pati

594 2946 860 3031 mallet,
928 2946 1041 3023 bis
1110 2969 1269 3020 eum
1337 2946 1585 3018 verbis
1645 2947 2030 3019 adeuntes:
2103 2952 2236 3020 etsi
2281 2951 2423 3041 jam
2476 2949 2597 3022 di'u

595 3051 920 3137 cognatis
981 3050 1122 3119 tuis
1189 3046 1629 3141 obsequium⁸
1675 3050 2168 3141 praestitimuS,
2237 3058 2311 3120 et
2376 3052 2596 3143 patris
2689 3121 2697 3128 ,

593 3149 697 3218 tui
746 3168 966 3219 causa
1013 3156 1255 3241 patres
1307 3155 1637 3233 nostroS,
1685 3146 1986 3233 fratres,
2038 3158 2386 3240 cognatos
2436 3147 2595 3219 fere

596 3268 884 3333 omneS,
961 3256 1318 3342 tutamque
1380 3250 1451 3317 in
1517 3250 1742 3341 patria
1801 3250 2235 3318 mansionem
2285 3243 2634 3341 perdidi-“

591 3368 775 3432 muS,
825 3356 1036 3440 atque
1091 3351 1298 3417 etiam
1347 3368 1536 3417 nunc
1584 3349 1904 3418 universi
1940 3366 2076 3416 nos
2123 3346 2361 3418 denuo
2403 3350 2593 3440 peri-

596 3443 778 3515 culis
805 3466 935 3536 pro
964 3455 1037 3516 te
1089 3444 1277 3515 ultro
1328 3445 1725 3515 offerimus:
1780 3456 2016 3515 tamen
2058 3453 2252 3516 tu‘et
2279 3457 2592 3518 nosmet·
2681 3457 2686 3462 ⁴

593 3547 797 3636 ipsos
847 3553 922 3614 et
968 3553 1165 3615 tuum
1228 3546 1457 3636 ipsius
1513 3541 1858 3614 honorem
1909 3542 2107 3613 nihili
2155 3543 2398 3617 facere
2447 3567 2594 3618 non

595 3641 892 3714 dubitas.
992 3642 1202 3714 Nunc
1264 3645 1478 3733 igitur
1541 3651 1742 3714 certo
1809 3645 2036 3728 scias,
2102 3665 2239 3715 uos
2304 3656 2379 3717 te
2431 3669 2592 3717 cum

594 3742 922 3814 omnibus
972 3745 1294 3834 cognatis
1345 3745 1488 3815 tuis
1536 3741 1964 3828 interficere,
2023 3764 2407 3839 pacemque
2449 3744 2593 3818 hoc

590 3843 807 3912 modo
874 3864 916 3913 a
974 3862 1160 3934 rege
1210 3843 1484 3934 Magno
1534 3845 1799 3935 pacisci
1849 3845 2227 3930 statuisse,
2298 3848 2417 3939 qui
2465 3844 2591 3915 tibi

590 3951 800 4014 antea
846 3940 1242 4012 fidelissimi
1290 3942 1588 4029 fuimus,
1657 3964 1842 4013 nunc
1892 3942 2428 4016 crudelissimos
2477 3943 2589 4015 su·-

591 4049 810 4112 turos.
907 4040 1185 4132 Quibus
1248 4040 1472 4113 rebus
1536 4063 1695 4114 cum
1760 4062 2045 4113 causam
2104 4062 2305 4115 suam
2356 4042 2591 4117 adbuc

541 4231 545 4236 .
595 4140 1057 4238 difficiliorem
1106 4140 1312 4212 reddi
1378 4141 1852 4235 intelligeret,
1918 4161 2000 4212 re
2054 4143 2284 4214 animo
2335 4164 2587 4216 secum
