2950 4709
322 412 394 477 c.
426 408 570 478 165.
781 414 1148 468 marcum
1200 411 1425 464 uncus
1483 410 1920 466 swanum.
2166 383 2347 478 m

325 625 416 676 se
468 624 510 676 a
560 600 995 676 Birkibeinis
1064 607 1258 676 tutos
1309 596 1842 672 arbitrabantur.
1941 594 2344 672 Birkibeini

325 704 994 787 animadverterunt,
1047 699 1349 771 colonos
1402 720 1577 771 sese
1610 699 1697 770 ad
1732 720 2036 792 pugnam
2070 719 2343 791 parare.

323 804 495 878 Rex
543 802 866 875 surrexit
915 812 990 876 et
1040 799 1326 871 locutus
1363 809 1515 872 est:
1569 801 1901 889 congruit
1934 801 2005 867 in
2036 798 2344 870 colonos

327 909 514 980 istos
564 902 864 994 vulgare
918 901 1416 994 proverbium,
1486 920 1658 972 sero
1731 897 2102 990 defatigari
2158 919 2345 985 eum,

325 1007 448 1097 qui
497 1006 569 1078 in
620 1006 871 1095 pej0re
921 1022 1140 1074 causa
1189 1003 1318 1087 sit3
1368 1003 1488 1076 isti
1538 999 1705 1074 mihi
1755 998 1988 1070 adhuc
2038 998 2129 1070 ad
2163 1019 2346 1091 prae-

327 1104 636 1178 liandum
707 1105 930 1194 parati
1001 1121 1176 1172 esse
1245 1101 1595 1172 videntur.
1706 1100 2012 1174 Maximi
2081 1108 2348 1185 nostra,

328 1202 748 1288 Birkibcini,
798 1204 1120 1287 interest,
1174 1221 1265 1270 ne
1302 1221 1444 1294 quo
1480 1199 1643 1274 loco
1681 1200 1769 1274 ab
1824 1199 1938 1274 his
1988 1198 2162 1294 pelli
2211 1221 2350 1271 nos

327 1306 700 1398 patiamur3
794 1303 1031 1373 denuo
1117 1301 1506 1373 adversum
1590 1323 1726 1373 eos
1812 1301 2350 1386 cantandarum,

329 1424 637 1498 eumque
692 1406 1025 1496 impetum
1078 1405 1148 1471 in
1191 1421 1325 1472 eos
1366 1401 1646 1486 demus,
1698 1410 1775 1472 ut
1803 1403 2029 1492 magis
2065 1401 2350 1474 domum

329 1507 641 1595 reverti,
712 1524 918 1596 quam
991 1502 1253 1574 diutius
1306 1522 1465 1570 cum
1516 1499 1725 1570 nobis
1776 1521 2096 1593 pugnare
2152 1504 2350 1593 cupi,-

330 1613 480 1690 ant,
536 1602 902 1685 saciamuS,
955 1610 1030 1673 ut
1080 1603 1364 1671 omnino
1401 1610 1741 1672 recentes
1773 1610 1846 1672 et
1876 1603 2138 1692 integri
2170 1620 2346 1672 esse
2454 1680 2459 1686 ,

330 1704 717 1775 videamur.
815 1697 1002 1774 Post
1052 1699 1212 1772 baec
1278 1698 1616 1771 bellicum
1670 1704 1827 1772 cani
1885 1703 2138 1792 jussit,
2208 1721 2352 1793 quo

333 1804 525 1875 facto
597 1804 989 1874 exercitum
1069 1802 1159 1872 ad
1247 1798 1548 1894 glaciem
1633 1817 1897 1873 versus
1983 1801 2352 1872 deducere

336 1906 567 1998 coepit.
668 1903 855 1974 Mox
904 1900 1299 1974 Birkibeini
1352 1922 1591 1972 acrem
1644 1904 1716 1972 iu
1777 1900 2081 1973 colonos
2131 1904 2351 1994 impe-

334 2016 479 2078 tum
532 2003 882 2089 feceruut,
937 2024 1145 2098 quem
1192 2002 1265 2072 hi
1295 2002 1685 2075 fortissime
1727 2011 2195 2094 exceperunt,
2247 2004 2351 2071 in·

334 2126 663 2198 gensque
717 2125 808 2174 eo
861 2104 1029 2175 loco
1083 2125 1318 2197 pugna
1369 2106 1618 2176 extitit.
1696 2102 1864 2197 Ipse
1900 2121 2033 2172 rex
2093 2123 2353 2197 equum

333 2210 406 2278 in
456 2209 682 2277 aciem
736 2204 1154 2280 colonorum
1208 2207 1540 2289 incitavit,
1594 2203 1965 2277 obstantes
2001 2201 2164 2275 loco
2197 2199 2351 2295 pel·

335 2305 493 2375 lere
549 2326 859 2391 conansg
914 2325 1056 2396 quo
1109 2303 1275 2375 loco
1328 2307 1392 2375 si
1445 2303 1617 2376 nihil
1667 2302 2023 2397 proficere
2075 2312 2354 2394 posset,

336 2404 479 2474 alio
565 2425 826 2496 equum
913 2405 1237 2489 immisit,
1324 2406 1804 2497 impetumque
1886 2405 1956 2472 in
2027 2402 2355 2474 diversas

338 2512 583 2598 partes
613 2503 856 2580 facere
887 2505 1400 2595 perseveravit.
1483 2502 1763 2589 Coloni,
1815 2523 2064 2594 regem
2099 2511 2352 2574 exacte

338 2612 897 2695 cognoscentes,
949 2601 1068 2676 alii
1119 2602 1298 2676 alios
1349 2602 1463 2675 his
1514 2602 1762 2675 verbis
1813 2600 2120 2674 hortari:
2191 2623 2354 2674 eum

339 2703 750 2789 interficite,
802 2706 1190 2796 percutite,
1242 2703 1689 2796 transfodite,
1744 2723 2003 2797 equum
2056 2724 2196 2799 quo
2246 2705 2353 2773 in·

340 2805 537 2875 sidet
568 2803 1039 2876 ‘obtruncate
1157 2802 1336 2876 Haec
1404 2806 1622 2889 dicta,
1710 2826 1855 2876 non
1922 2803 2105 2876 facta
2168 2813 2354 2875 sunt.

342 2902 578 2996 Quum
667 2903 1094 2998 aliquamdiu
1179 2914 1560 2999 pugnatum
1628 2914 1866 2990 esset,
1943 2914 2025 2976 ut
2089 2908 2355 2977 exitum

341 3004 571 3099 praelii
638 3003 1072 3091 reseramus,
1138 3015 1345 3099 rupta
1410 3009 1566 3079 acie
1638 3004 2056 3077 colonorum
2125 3007 2355 3098 copiae

344 3104 561 3176 dilabi
627 3113 1014 3197 caeperunt.
1129 3102 1425 3190 Coloni,
1512 3126 1654 3198 quo
1722 3104 1888 3175 loco
1958 3108 2181 3176 aciem
2249 3108 2355 3174 in·

344 3212 777 3287 struxerant,
829 3206 1065 3275 nivem
1120 3203 1563 3294 congelatam
1619 3203 1927 3297 pedibus
1979 3203 2356 3289 calcatam,

344 3327 489 3399 quo
540 3326 699 3375 eum
751 3301 1150 3377 Birkibeini
1202 3304 1291 3376 ad
1349 3325 1483 3376 eos
1535 3304 2119 3390 adscendissent,
2169 3304 2356 3376 fides

343 3407 716 3478 societatis
783 3426 987 3498 quam
1041 3406 1341 3476 inierant
1389 3404 1726 3478 vacillare
1779 3406 2026 3498 coepit3
2094 3405 2357 3476 factum

343 3508 585 3599 itaque
637 3514 774 3590 est,
823 3514 922 3590 ut,
974 3507 1093 3598 qui
1146 3526 1232 3577 se
1285 3528 1635 3601 nunquam
1669 3507 2132 3597 digressuros
2183 3527 2355 3578 esse

345 3603 870 3691 confirmarant,
919 3605 1128 3676 iidem
1179 3606 1298 3677 alii
1349 3607 1493 3679 alio
1544 3607 2001 3699 aufugerent,
2052 3628 2356 3702 eumque

347 3708 578 3779 omnis
647 3704 1067 3779 colonorum
1138 3705 1511 3782 multitudo
1563 3710 1633 3777 iu
1685 3708 1922 3799 fugam
1974 3728 2060 3779 se
2113 3711 2354 3800 conje-

345 3810 593 3892 cisset,
643 3807 833 3900 quod
885 3809 1137 3878 itinera
1187 3806 1552 3899 fugientes
1604 3827 1866 3902 capere
1918 3828 2062 3884 non
2104 3818 2357 3901 potue·

343 3917 530 3993 runt,
582 3928 1139 4004 quoquoversus
1190 3905 1445 4001 dilapsi
1494 3917 1675 3980 sunt.
1777 3903 2176 3978 Birkibeini
2228 3927 2356 3979 ve·

343 4007 720 4079 hementer
802 4010 1188 4093 instanteS,
1273 4030 1598 4102 magnum
1676 4028 1771 4080 ex
1830 4010 1922 4078 iis
1989 4027 2359 4080 numerum

347 4117 910 4200 prostraverunt.
1013 4105 1159 4198 Qui
1230 4128 1391 4182 cum
1440 4108 1841 4203 palantibus
1891 4110 2242 4180 instantes
2290 4111 2362 4178 in

347 4206 613 4299 globos
670 4209 1225 4295 discessissent,
1292 4209 1504 4286 Alius
1554 4207 2172 4378 HalvardiTfiliuS,
2244 4208 2366 4303 qni

423 4335 543 4389 vol.
587 4333 639 4388 8.
