2950 4709
645 379 825 483 ’262
1070 411 1437 463 maroam
1491 410 1716 460 nnms
1771 408 2210 485 svnnnnms.
2288 404 2365 488 c,
2396 404 2678 490 155436,

644 589 825 686 rum,
877 617 1057 692 quas
1107 589 1179 667 in
1227 604 1472 691 partes
1507 618 1667 670 cum
1697 594 2041 669 arietibus
2070 593 2422 685 marinisl,
2474 618 2671 690 quos

645 702 720 769 in
786 697 1050 791 oppido
1118 698 1683 791 compingendos
1747 699 2052 782 curavit,
2137 695 2669 790 proficiscatur,

648 818 786 869 nos
852 794 1128 889 Baglos
1192 795 1380 867 haud
1462 816 1925 915 magnopere
1984 817 2241 867 curare
2316 796 2668 886 arbitror3

647 918 870 990 spero
919 894 1314 982 enimfore,
1365 905 1444 967 ut
1470 893 1785 966 Thrandi
1820 898 2016 988 prius
2051 893 2407 996 carbones
2437 900 2667 968 omni-

645 1018 768 1068 um
838 997 1169 1066 domuum
1234 1015 1521 1066 suarum
1591 993 1966 1086 colligant,
2031 987 2236 1088 quam
2303 1004 2384 1066 ut
2443 985 2666 1066 ullam

648 1094 818 1165 inde
871 1094 1242 1165 utilitatem
1308 1097 1720 1187 percipiant.
1763 1046 1980 1164 ξ’Νοε
2033 1114 2167 1187 per
2216 1092 2349 1164 has
2401 1116 2667 1167 causas

646 1195 737 1267 ad
793 1192 1063 1266 libitum
1114 1212 1247 1284 per
1293 1196 1525 1262 sinum
1576 1191 2082 1284 grassabimur,
2136 1191 2306 1263 nihil
2337 1204 2666 1264 metuen-

646 1301 799 1379 tes3
880 1289 1090 1361 nobis
1157 1292 1341 1361 enim
1411 1294 1771 1385 copiarum
1840 1302 2138 1363 numero
2206 1291 2426 1364 multo
2495 1305 2670 1367 sunt

646 1391 1057 1462 inferiores
1155 1386 1368 1483 Bagli
1423 1388 1745 1462 'classem
1812 1412 1908 1461 ex
1958 1394 2278 1462 interiori
2328 1396 2491 1463 sinu
2542 1415 2667 1465 re-

650 1492 932 1562 ductam
1000 1491 1092 1561 ad
1139 1488 1479 1584 Depilem
1541 1494 1721 1562 intra
1770 1488 2215 1562 Ladbamros
2268 1495 2665 1563 constitue-

647 1601 830 1663 runt.
930 1589 1107 1661 Eam
1142 1593 1487 1662 rationem
1538 1594 2011 1677 instituerunt,
2062 1599 2142 1661 ut
2191 1592 2443 1684 copiae,
2498 1614 2666 1686 quae

650 1687 951 1763 navibus
1019 1689 1520 1782 grandioribus
1584 1689 2062 1812 vehebantur,
2133 1710 2459 1782 egressae
2528 1712 2670 1785 per

647 1793 1027 1884 superiora
1075 1790 1167 1860 ad
1218 1799 1505 1884 pontem
1557 1791 2005 1876 tenderent,
2043 1787 2355 1883 indeque
2408 1793 2478 1859 in
2530 1812 2663 1884 op-

647 1891 893 1983 pidum
948 1883 1358 1986 irrumpere
1426 1898 1891 1975 conarentur3
1975 1887 2235 1961 classis
2303 1887 2666 1963 celocium

648 2009 787 2081 per
837 1990 1201 2060 exteriora
1235 1988 1324 2058 ad
1359 2009 1633 2060 amnem
1661 1997 2025 2083 provecta,
2080 2011 2172 2061 eo
2202 1987 2370 2060 loco
2404 2010 2665 2062 escen-

650 2090 927 2160 sionem
979 2083 1303 2159 tentaret.

851 2181 1212 2258 Prcelium
1258 2189 1458 2257 inter
1505 2184 1983 2259 Birlribeinos
2032 2196 2106 2259 et
2152 2185 2460 2284 Baqlos.

855 2285 1028 2358 156.
1125 2286 1337 2358 Nunc
1404 2287 1498 2358 de
1566 2309 1745 2380 rege
1812 2286 2169 2360 Sverrere
2233 2285 2667 2375 reseremus,

652 2389 774 2482 qui
824 2407 910 2459 se
973 2388 1047 2456 iu
1112 2387 1379 2484 oppido
1444 2383 1913 2481 comparabat.
2009 2386 2173 2458 Una
2233 2386 2520 2459 ballista
2587 2391 2668 2458 in

648 2486 909 2579 Eyris,
975 2484 1201 2557 altera
1267 2479 1359 2556 ad
1427 2508 1703 2557 amnem
1772 2481 2125 2558 collocata
2198 2497 2370 2559 erat.
2471 2485 2666 2558 Toto

650 2587 958 2705 oppido,
1010 2595 1339 2679 quantum
1391 2607 1525 2679 per
1579 2586 2087 2677 longitudinem
2139 2590 2392 2678 patuit,
2443 2595 2668 2679 sup'e-

649 2689 844 2755 riora
927 2684 1262 2754 domuum
1333 2694 1670 2778 apparatu
1702 2639 2014 2754 obelum)
2092 2688 2357 2756 munita
2439 2694 2667 2772 erant,

649 2786 945 2853 materia
996 2782 1266 2852 directa
1317 2786 1391 2853 in
1444 2787 1787 2854 extremis
1827 2794 2201 2869 tectorum,
2252 2787 2478 2855 instar
2503 2784 2667 2878 plu·
2679 2819 2684 2828 ·

648 2887 931 2952 teorum
1003 2871 1467 2966 Bellicorum,
1565 2881 1950 2967 collocata,
2036 2901 2273 2976 eoque
2348 2886 2670 2976 ingentia

651 3001 825 3052 saxa
878 2987 1347 3076 comportata3
1409 2978 1671 3050 ibidem
1710 2981 2070 3074 praesidio
2119 2984 2429 3074 impositi
2483 2981 2667 3052 mili-

645 3089 770 3151 tes
836 3080 1116 3151 evocati
1184 3087 1258 3149 et
1323 3080 1671 3173 oppidani.
1770 3079 1937 3173 lpse
2018 3101 2152 3150 rex
2218 3102 2376 3151 cum
2428 3104 2669 3175 ⁴parva

647 3201 861 3252 manu
925 3182 997 3250 in
1061 3178 1283 3271 Eyris
1345 3179 1799 3264 versabatur,
1874 3181 2174 3249 maxima
2240 3201 2427 3251 vero
2495 3202 2667 3273 pars

651 3280 1042 3351 aulicorum
1092 3278 1279 3370 apud
1328 3288 1612 3370 pontem
1668 3287 1854 3364 erat,
1906 3281 2023 3348 cui
2077 3281 2425 3350 exercitui
2479 3302 2668 3371 prae-

654 3390 809 3450 erat
857 3378 1113 3449 Hakon·
1165 3375 1492 3447 Galenus
1559 3385 1633 3446 et
1680 3374 1949 3447 Petrus
2002 3375 2340 3469 Steyper.
2445 3378 2667 3449 Celo-

651 3499 783 3549 ces
831 3463 1220 3567 Baglorum
1291 3477 1363 3543 in
1419 3495 1691 3546 amnem
1742 3484 2009 3566 praeter
2059 3477 2395 3568 oppidum
2447 3480 2669 3548 remis

651 3575 1049 3658 subvectae,
1098 3572 1185 3641 ad
1220 3570 1896 3664 Skellingarhellam
1925 3595 2154 3667 usque
2183 3585 2670 3668 penetrarunt.

653 3672 808 3744 Sed
862 3673 1361 3742 escensionem
1412 3672 1503 3741 ad
1538 3670 1934 3742 Brattoram
1986 3673 2232 3762 facere
2282 3697 2427 3745 non
2483 3678 2668 3762 ausi,

649 3771 844 3867 quod
927 3773 997 3841 is
1071 3769 1323 3857 locuS,
1403 3770 1689 3841 sublimi
1768 3781 2156 3865 conspecta
2223 3770 2667 3865 Sigurfluga,

648 3874 884 3943 minus
933 3877 1129 3941 tutus
1177 3869 1596 3958 videbatur,
1645 3868 1791 3952 tela
1840 3875 1912 3939 in
1964 3872 2365 3964 oppidanos
2419 3876 2667 3964 conje-

650 3977 924 4055 cerunt,
977 3990 1321 4062 nusquam
1368 3989 1553 4041 vero
1605 3970 1698 4042 ob
1750 3969 2263 4042 multitudinem
2303 3992 2668 4058 saxorum,

653 4090 815 4161 quae
867 4088 965 4137 ex
1015 4068 1343 4140 domibus
1407 4090 1494 4138 ac
1543 4066 1876 4160 pontibus
1926 4070 2471 4158 ingerebantur,
2540 4092 2664 4160 ap-

725 4196 771 4261 ¹)
806 4198 838 4253 i.
871 4219 911 4251 c.
951 4196 1185 4257 navibus-
