2950 4709
328 387 404 460 c.
431 388 693 458 14445,
782 394 1147 447 uxorema
1199 391 1428 447 nnete
1475 391 1917 447 emanente.
2162 363 2355 458 w.

325 579 500 656 Rex
532 578 844 652 Sverrer
886 598 981 649 ex
1012 578 1275 673 oppido
1329 577 1723 672 profectus,
1772 573 2141 649 meridiem
2170 597 2338 651 vera

326 702 459 753 sus
510 682 973 752 contendens·
1014 700 1150 751 eos
1197 682 1572 750 insecutus
1622 688 1754 749 est.
1833 676 2069 769 Quem
2098 678 2342 774 aliquo<

326 780 446 851 die
515 800 611 851 ex
678 779 994 872 Hereyis
1064 782 1369 871 remigio
1420 778 1837 864 devectum,
1906 797 2337 874 cursumque

326 881 697 951 meridiem
747 899 1012 952 versus
1062 888 1330 972 praeter
1357 876 1656 951 Smdum
1708 878 2128 969 dirigentem
2164 900 2335 950 eon·

325 982 580 1073 spicati
628 977 862 1071 Bagli,
912 981 1220 1050 tentoria
1256 978 1742 1071 deripuerant,
1792 998 2023 1070 seque
2058 977 2334 1050 obviam

327 1083 399 1150 ei
448 1079 756 1150 classem
811 1079 1160 1151 ducturos
1205 1076 1671 1165 minabantur3
1725 1077 1861 1150 sed
1915 1097 2040 1148 res
2075 1077 2336 1151 effectu

325 1182 569 1250 carnit.
696 1175 910 1248 Rex
931 1177 1277 1264 Sverrer,
1360 1177 1524 1248 talia
1585 1175 1757 1248 nihil
1830 1198 2122 1264 curans,
2191 1199 2337 1276 qno

325 1283 710 1370 cogitarat,
761 1278 1158 1398 contendit,
1209 1231 1356 1350 il'lis
1402 1277 1617 1372 paulo
1669 1285 1835 1372 post
1882 1277 2338 1375 subsequen-

324 1379 534 1450 tibus.

322 1478 448 1551 De
508 1473 838 1573 Siqurdo
903 1475 1241 1571 dynasta·
1297 1472 1457 1567 filio
1540 1483 1617 1546 et
1690 1472 2088 1570 oppidanis
2146 1473 2337 1549 Ber·
2451 1575 2457 1582 ι

1206 1572 1408 1647 enmb
1411 1597 1517 1645 ns.

531 1672 699 1745 145.
801 1600 1204 1767 Sigurdnsy
1225 1676 1550 1767 dynastae
1609 1669 1834 1760 filias,
1901 1669 1991 1744 ab
2054 1675 2362 1745 oriente-

185 1840 209 1860 ,
328 1795 423 1847 ex
473 1773 657 1845 Vika
707 1774 1098 1866 profectuS,
1151 1796 1401 1867 regem
1432 1772 1859 1845 Sverrerem
1893 1770 2162 1864 Bergis
2211 1793 2335 1845 se-

325 1877 818 1969 ptemtrionem
868 1895 1131 1947 versus
1185 1876 1623 1946 discessisse
1670 1881 2128 1966 cognoverat.
2196 1870 2337 1945 Ita-

327 1995 469 2069 que
520 1972 805 2066 Bergas
853 1973 1051 2047 nullo
1103 1978 1494 2046 resistente
1546 1977 1965 2066 ingressus,
2034 1971 2337 2047 navibus

323 2079 523 2168 regis
571 2073 954 2150 sven-eris
1017 2078 1285 2168 potitus
1338 2083 1493 2161 est,
1558 2071 2189 2166 Sygnabrandnm,
2257 2083 2339 2147 et

326 2183 675 2269 quotquot
722 2174 900 2246 alias
953 2185 1197 2248 nactus
1230 2184 1366 2261 est,
1417 2173 1753 2246 incendit.
1828 2172 2129 2268 Aliquot
2160 2175 2337 2245 aedi-

322 2275 462 2346 Bus
511 2272 934 2346 militaribus
998 2296 1092 2345 ex
1159 2275 1428 2368 oppido
1474 2275 1567 2345 ad
1620 2293 1863 2344 arcem
1894 2275 2334 2368 deportatis,

191 2419 206 2432 ·
325 2395 368 2444 a
421 2382 620 2466 parte
670 2376 859 2444 arcis
908 2382 1123 2445 vento
1176 2374 1506 2460 adversa,
1556 2372 1679 2443 nbi
1729 2372 2139 2444 castellanis
2187 2395 2335 2444 ma·-

322 2475 517 2544 ximo
566 2471 744 2543 sore·
778 2472 1225 2544 incommodo
1275 2475 1509 2544 visum
1560 2481 1714 2558 est,
1787 2475 2150 2564 ingentem
2198 2491 2333 2566 py-

323 2593 472 2645 ram
523 2582 951 2644 struxerunt.
1069 2571 1288 2664 Quod
1355 2593 1518 2643 cum
1585 2570 1957 2643 castellani
2022 2572 2333 2643 animad-

239 2690 248 2696 ·
320 2681 724 2760 verterent,
772 2672 1042 2764 reginae
1093 2673 1567 2765 Margaretae,
1618 2692 1783 2766 quae
1829 2673 1901 2741 in
1950 2692 2121 2743 arce
2170 2694 2358 2746 cum'

326 2772 822 2865 dispensatore
873 2775 1008 2844 suo
1035 2769 1270 2846 Pauio
1297 2772 1612 2844 Aurensi
1661 2771 2104 2859 versabatur,
2155 2793 2333 2845 uuna

324 2875 626 2960 tiarunt3
697 2894 860 2967 quae
922 2892 1046 2945 res
1111 2895 1255 2946 non
1321 2866 1557 2944 solum
1611 2874 1682 2943 ei
1730 2871 2111 2968 multisque
2171 2871 2333 2947 aliis

323 2972 608 3043 feminis
630 2994 953 3064 magnum
985 2976 1308 3045 timorem
1340 2976 1604 3066 injecit,
1649 2972 1784 3043 sed
1820 2981 1893 3042 et
1910 2971 2331 3060 Birkibeini,

325 3076 443 3166 qui
494 3075 567 3142 in
611 3071 916 3143 castello
948 3083 1170 3157 erant,
1223 3077 1623 3143 cautionem
1654 3070 2121 3142 adhibendam
2158 3091 2335 3144 esse

323 3174 695 3243 duxerunt.
795 3169 1067 3241 Paulus
1117 3170 1473 3242 Aurensis
1522 3171 1595 3242 id
1650 3169 1930 3241 consilii
1982 3171 2203 3257 dedit,
2254 3184 2337 3245 ut

323 3292 564 3342 orcam
615 3269 915 3355 assulis,
985 3270 1370 3342 corticibus
1435 3267 1705 3340 betulae
1765 3272 2072 3364 piceque
2140 3290 2335 3341 com-

324 3368 582 3463 pletam
635 3389 1154 3463 accensamque
1205 3373 1277 3440 in
1321 3392 1567 3466 pyram
1603 3369 1909 3439 nondum
1939 3367 2333 3461 perfectam

323 3479 447 3539 aut
493 3480 932 3561 congestam,
983 3471 1071 3540 ad
1124 3472 1468 3542 rationem
1497 3467 1887 3560 Baglorum
1930 3468 2335 3541 disturban-

328 3570 488 3639 dam
515 3571 926 3660 injicerent3
977 3570 1169 3641 unde
1197 3579 1405 3641 tanta·
1439 3583 1554 3642 est
1580 3572 1850 3642 flamma
1880 3571 2204 3657 excitata,
2253 3579 2335 3642 ut

325 3671 464 3739 nisi
492 3667 850 3739 distractis
863 3671 1187 3741 omnibus
1218 3693 1377 3766 quae
1408 3679 1758 3763 congesta
1788 3678 1988 3740 erant
2015 3672 2337 3761 extingvi

325 3789 468 3839 non
518 3770 847 3859 potuerit.
951 3766 1136 3859 Quae
1188 3792 1345 3840 cum
1397 3790 1715 3861 magnam
1755 3790 2018 3839 moram
2049 3772 2333 3861 injecis-

326 3878 517 3954 sent,
566 3879 799 3939 tamen
852 3888 1002 3937 rem
1054 3871 1310 3940 iterum
1355 3871 1691 3964 aggressi
1727 3869 2059 3940 distracta
2092 3868 2333 3938 denuo

327 3977 870 4060 congesserunt
967 3967 1104 4037 Hic
1152 3970 1426 4059 regina,
1475 3959 1624 4039 Dei
1662 3966 1871 4038 fidem
1922 3965 2333 4061 imploranS,

328 4071 578 4152 oravit,
627 4077 707 4140 ut
756 4066 1155 4174 bominibus
1207 4069 1517 4139 exeundi
1549 4077 1984 4160 potestatem
2001 4070 2187 4160 pacti
2217 4088 2329 4140 ar-

325 4187 485 4238 cem
536 4169 773 4260 potius
825 4149 1211 4257 dederent,
1268 4189 1471 4264 qnam
1526 4169 1819 4241 flammis
1873 4180 1948 4239 et
1995 4166 2333 4239 incendio
