2950 4709
328 402 404 466 C.
438 398 691 463 172-73„
782 402 1149 454 uls‘romn
1205 401 1427 450 umus
1484 401 1922 456 svennssnrs.
2166 373 2341 468 ml

335 594 793 684 excogitavit,
845 587 1153 661 tabulata
1175 610 1217 658 e
1236 587 1472 680 lignis,
1524 591 1793 662 crassis
1811 591 2025 682 tignis
2042 601 2343 682 suspen-

331 715 440 779 sa,
490 692 838 777 facienda,
892 700 966 763 et
1005 688 1307 762 castello
1356 690 1799 764 admovenda
1831 692 2130 777 curavit3
2183 713 2346 784 quae

329 817 493 865 cum
543 795 632 865 ad
686 792 1247 885 promovendum
1289 790 1666 860 admodum
1708 799 1961 861 essent
2012 790 2345 877 difficilia,

334 894 506 964 nulli
549 896 713 965 usui
754 892 979 963 suere.
1083 889 1361 962 Crebro
1393 887 1790 961 Birkibeini
1821 891 1906 964 ad
1953 893 2164 963 ictum
2218 891 2347 964 teli

332 1002 872 1087 processerunt,
924 1001 1136 1085 atque
1187 994 1283 1063 ita
1332 990 1476 1062 tela
1511 993 1698 1062 inter
1730 1012 1815 1062 se
1850 993 2344 1084 conjecerunt3
2399 985 2404 991 ’

331 1094 468 1164 sed
518 1094 660 1165 loci
693 1102 958 1164 ,natura
1007 1090 1261 1182 Baglis
1314 1093 1544 1162 omnia
1595 1090 1914 1162 faciliora
1962 1092 2293 1163 reddidit.

917 1190 1042 1264 De
1091 1190 1308 1286 Inyz’o
1360 1201 1432 1262 et
1484 1188 1769 1287 Baqlis.

535 1290 702 1363 173.
800 1291 1068 1384 IngiuS,
1119 1296 1454 1385 princeps
1506 1289 1934 1383 Baglorum‚
1982 1289 2346 1383 Signi-dus

333 1394 655 1485 dynastae
708 1391 921 1478 filius,
971 1392 1241 1463 Arnius
1296 1394 1621 1485 episcopi
1673 1403 2059 1484 cognatuS,
2113 1392 2343 1463 multi-

329 1514 473 1587 que
526 1492 644 1563 alii
696 1494 1155 1563 centuriones
1207 1513 1364 1561 cum
1393 1494 1695 1563 maxima
1725 1502 1923 1585 parte
1952 1490 2346 1582 Baglorum

334 1596 700 1663 exercitus
764 1595 835 1662 in
887 1590 1238 1685 Uplandis
1291 1600 1366 1662 et
1414 1592 1766 1663 interdum
1818 1594 1889 1662 in
1942 1592 2127 1664 vika
2177 1613 2344 1666 ver·

329 1694 682 1765 sabantur.
784 1691 875 1761 Hi
947 1701 1021 1762 et
1072 1691 1346 1763 Reidar
1411 1693 1482 1763 id
1535 1701 1811 1785 pactum
1863 1695 2051 1763 inter
2097 1713 2184 1764 se
2235 1692 2342 1763 fe·-
2448 1723 2459 1733 ·

333 1803 602 1878 cerant,
655 1801 734 1864 ut
782 1789 989 1863 alteri
1042 1791 1313 1878 alteris,
1367 1796 1429 1864 si
1487 1795 1890 1864 necessitas
1921 1791 2343 1887 postularet,

331 1915 542 1987 opem
598 1892 886 1964 ferrent.
958 1890 1111 1963 Sed
1142 1892 1577 1980 Reidariani,
1631 1893 2011 1965 obsidione
2066 1915 2109 1962 a
2162 1914 2343 1984 rege

329 1992 690 2066 Sverrere
752 1996 1025 2079 vexati,
1089 2016 1248 2066 cum
1310 2015 1484 2065 sero
1555 1994 1690 2066 sibi
1756 2017 1800 2064 a
1867 1997 2021 2066 suis
2076 1993 2343 2066 auxilio

333 2098 562 2166 veniri
615 2093 1126 2185 intellig-erent,
1176 2098 1458 2189 ipsique
1512 2116 1687 2167 sese
1739 2116 1995 2187 magno
2048 2097 2120 2165 iu
2155 2098 2342 2188 peri-

329 2194 496 2267 culo
548 2199 828 2267 versari
881 2194 1428 2281 arbitrarentur,
1498 2196 1571 2266 id
1624 2195 1904 2266 consilii
1974 2204 2343 2287 ceperunt,

330 2306 410 2366 ut
476 2294 800 2364 homines
868 2295 958 2364 ad
1021 2293 1293 2385 logium
1357 2298 1732 2366 mitterent.
1834 2294 2053 2384 Quod
2106 2299 2342 2368 consi·

331 2391 499 2464 lium
555 2392 685 2463 hac
738 2396 1012 2463 ratione
1067 2398 1394 2465 exsecuti
1446 2404 1634 2479 sunt,
1687 2404 1761 2465 nt
1800 2408 2014 2465 nocte
2047 2395 2343 2488 quadam

332 2498 663 2586 exiguam
734 2493 1094 2578 celocem,
1181 2502 1443 2565 octono
1531 2497 1832 2586 remigio
1908 2498 2344 2581 instructam,

333 2604 713 2687 caperent,
800 2592 983 2664 hanc
1047 2595 1121 2663 in
1186 2593 1706 2666 occidentalem
1782 2596 1981 2689 rupis
2047 2604 2343 2688 partem,

332 2717 492 2790 quae
526 2715 717 2765 mare
749 2693 1164 2788 spectabat,·
1196 2704 1644 2786 per-tractam,
1696 2694 2047 2787 impositis
2100 2699 2343 2782 remis,

329 2794 615 2866 funibus
668 2794 998 2887 illigatis,
1053 2794 1537 2890 machinisque
1591 2795 1962 2882 adhibitis,
2017 2817 2109 2866 ex
2161 2817 2341 2889 rupe

328 2906 855 2989 promoverent,
908 2895 1075 2965 inde
1132 2896 1384 2966 decem
1435 2900 1610 2969 viris
1660 2900 2031 2991 impositis,
2085 2896 2341 2988 praese-

328 3007 446 3068 cto
498 2994 793 3066 Thordo
845 2995 1132 3081 Dokka,
1183 2996 1472 3069 funibus
1524 3002 1592 3066 in
1626 3020 1821 3068 mare
1870 2999 2343 3068 demitterent.

327 3096 514 3187 Quae
580 3099 851 3166 itineris
919 3099 1095 3166 ratio
1155 3096 1444 3167 multum
1508 3096 1807 3188 periculi
1857 3096 2197 3181 habebat,
2271 3100 2342 3167 in

328 3198 575 3288 primis
630 3215 782 3264 eam
841 3193 933 3263 oh
986 3214 1176 3279 rem,
1228 3196 1421 3287 quod
1473 3195 1904 3281 Birkibeini,
1966 3196 2342 3268 celocibus

327 3296 420 3367 ad
470 3317 717 3389 rupem
774 3295 1182 3386 dispositis,
1249 3300 1502 3388 quavis
1556 3306 1764 3367 nocte
1825 3295 1920 3366 ibi
1974 3297 2342 3368 custodias

327 3395 653 3487 agebant.
754 3392 964 3485 Bagli
1023 3415 1263 3465 remos
1315 3395 1767 3488 impulerunt,
1820 3395 2143 3468 celocem
2199 3419 2341 3467 ma·

329 3500 517 3565 xima
569 3498 818 3565 virium
873 3497 1330 3565 contentione
1383 3520 1516 3589 per
1555 3498 1834 3568 medios
1868 3496 2123 3568 hostes
2178 3519 2341 3590 pm·

328 3594 701 3689 pulerunt,
773 3604 868 3666 et,
913 3598 1092 3665 iutra
1143 3588 1718 3691 Smjorhergu'ml
1776 3602 1847 3667 in
1899 3608 2159 3669 terram
2214 3618 2342 3668 ex·

328 3704 717 3766 currerunt.
824 3693 1032 3784 Quos
1081 3693 1478 3768 Birkiheini
1531 3702 1749 3770 remis
1809 3700 2150 3784 insecuti,
2216 3719 2339 3768 ce-

327 3796 559 3867 locem
591 3799 893 3879 in‘anem,
947 3804 1023 3864 et
1051 3795 1222 3865 nihil
1255 3806 1630 3888 praeterea,
1675 3809 2037 3893 ceperunt.
2106 3796 2342 3888 Bagli,

323 3919 468 3990 quo
520 3896 982 3977 studuerant,
1034 3896 1595 3984 contenderunt,
1658 3899 1891 3970 donec
1940 3897 2213 3990 lngium
2269 3910 2344 3970 et

321 3996 709 4089 Sigurdum
765 4005 1295 4081 convenerunt,
1363 3998 1620 4090 quibus
1686 4022 1731 4069 a
1779 3999 2097 4069 Reidare
2153 4020 2340 4070 man.-

317 4097 521 4182 data,
605 4115 910 4190 quaeque
979 4095 1072 4164 ibi
1156 4108 1368 4189 gesta
1445 4108 1736 4184 essent,
1827 4108 2339 4191 exposuerunt.

395 4227 441 4294 ¹)
477 4229 865 4303 Tvimubjarga,
909 4224 973 4287 F·
