2950 4709
339 350 415 414 c,
449 348 553 415 15.
781 353 1147 423 lus-ronta
1200 317 1424 404 nnsis
1444 401 1461 411 ,
1480 352 1916 410 ενιςιιιιιιιιιε.
2231 327 2351 416 21

342 546 521 609 rent.
597 534 781 610 Hinc
808 535 1090 626 factum,
1138 548 1217 611 ut
1267 536 1339 608 hi
1392 557 1669 623 omnes,
1718 526 1788 608 in
1840 535 2097 633 quibus
2147 539 2354 610 sitam

234 653 239 656 ’
340 640 710 714 victoriam
780 637 942 710 lvar
1010 641 1478 726 existimarat,
1565 642 1832 711 initium
1899 637 2094 730 sugae
2158 637 2351 710 face-

341 746 526 825 rent,
580 747 655 809 et
704 760 891 811 unus
944 759 1038 810 ex
1087 739 1319 812 altero
1369 742 1440 810 in
1492 728 1723 834 pedes
1756 760 1843 811 se
1879 742 2351 831 conjicerent·

341 838 448 910 illi
497 861 719 926 vero,
788 862 976 933 quos
1042 844 1318 913 ratione
1385 840 1622 913 habita
1672 843 2030 933 copiarum
2080 842 2356 911 numeri

342 939 729 1012 inferiores
763 960 935 1012 esse
967 944 1429 1035 oportuisset,
1482 944 1781 1014 victoria
1830 940 2355 1035 triumpharent.

342 1040 427 1112 ln
478 1040 620 1127 hoc
670 1040 918 1134 praelio
972 1061 1101 1113 rex
1155 1040 1472 1114 Sverrer
1520 1042 1795 1114 lvarem
1852 1038 2207 1116 ὃίὶίιίιιιιι1
2280 1049 2359 1113 et

342 1141 622 1215 lvarem
678 1141 1010 1233 Gjavaldi
1062 1143 1302 1230 filium,
1355 1152 1429 1215 et
1473 1152 1825 1237 praeterea
1856 1141 2156 1237 amplius
2187 1163 2356 1214 cen·

345 1254 490 1314 tum
545 1244 791 1334 viginti
843 1242 1101 1315 milites
1153 1244 1435 1337 dejecit.
1510 1243 1872 1316 Vexillum
1902 1246 2104 1336 regis
2144 1242 2360 1315 Olavi

340 1345 576 1415 sancti
625 1355 990 1437 ceperunt,
1044 1354 1119 1416 et
1168 1347 1238 1414 in
1291 1345 1648 1438 oppidum,
1698 1344 2075 1440 splendida
2104 1365 2356 1439 repor-

344 1454 490 1516 tata
518 1447 836 1531 victoria,
890 1444 1289 1517 intulerunt.
1389 1443 1793 1540 Principes,
1841 1444 2072 1540 praelii
2101 1467 2357 1538 super-

340 1548 580 1631 stites,
631 1545 774 1617 huc
816 1545 1009 1633 illuc,
1057 1556 1137 1617 ut
1187 1566 1431 1617 mures
1484 1550 1552 1616 in
1597 1569 1797 1632 cava,
1853 1548 2359 1644 discurrerunt.

346 1645 623 1738 Captus
674 1647 933 1718 eodem
986 1645 1236 1740 praelio
1284 1646 1577 1719 Eirikus
1609 1646 1828 1728 Arnii
1866 1646 2075 1733 filius,
2174 1643 2363 1718 Post

346 1744 510 1818 haec
558 1744 886 1819 homines
943 1744 1378 1841 pacem'sihi
1426 1750 1695 1841 pacisci
1733 1753 2131 1841 coeperunt,
2181 1744 2359 1817 mule

344 1850 543 1942 tique
594 1870 780 1922 nunc
831 1846 1285 1936 Sverrerem,
1335 1852 1403 1919 in
1456 1870 1668 1943 quem
1722 1861 1932 1924 antea
1978 1845 2361 1936 classicum

344 1961 603 2040 magna
669 1949 1008 2043 superbia
1078 1954 1524 2037 cecinerant,
1595 1949 1951 2023 humiliter
2016 1948 2361 2021 adierunt.

350 2047 689 2128 Ceterum
742 2071 876 2121 rex
926 2048 1241 2122 Sverrer
1292 2050 1461 2126 Deo
1524 2054 2019 2145 omnipotenti,
2085 2058 2360 2121 sanctae

350 2150 612 2221 Mariae
677 2132 1018 2245 Deiparae
1093 2160 1168 2222 et
1231 2155 1391 2245 regi
1471 2148 1709 2226 Olavo
1777 2161 2027 2225 saneto
2096 2152 2364 2243 gratias

349 2272 484 2345 pro
536 2249 670 2326 hae
720 2252 1097 2346 splendida
1143 2254 1442 2326 victoria
1489 2274 1534 2326 a
1561 2253 1731 2326 Deo
1782 2274 2152 2327 concessa
2177 2253 2362 2345 egit3
2407 2263 2412 2268 ’
2481 2249 2484 2252 ’
2526 2239 2532 2244 ’

350 2360 772 2446 gratumque
823 2356 1122 2426 animum
1179 2374 1270 2424 eo
1322 2363 1630 2426 testatus
1681 2363 1835 2441 est,
1896 2352 2092 2448 quod
2140 2354 2362 2424 omni-

350 2450 492 2524 bus
558 2473 807 2545 pacem
873 2453 1280 2546 petentibus
1330 2457 1718 2526 concessit.
1813 2406 1889 2524 A
1940 2448 2365 2548 proceribus
2467 2502 2471 2506 -

346 2561 631 2640 autem,
697 2575 992 2650 quorum
1045 2552 1456 2647 complures
1508 2553 1943 2646 effugerant,
1992 2555 2132 2625 nisi
2180 2573 2364 2646 prae-

353 2655 709 2741 cavisset,
784 2664 1064 2747 paratas
1131 2655 1272 2727 sibi
1339 2656 1634 2728 insidias
1684 2654 1886 2743 fore,
1955 2676 2087 2748 pro
2159 2661 2363 2725 certo

355 2752 618 2824 habuit.
717 2754 870 2825 Hac
919 2756 1155 2851 itaque
1205 2778 1444 2851 pugna
1495 2765 1804 2853 pugnata
1857 2754 2365 2851 exploratores
2450 2785 2454 2789 ·

354 2853 445 2924 ab
495 2851 760 2948 oppido
826 2865 966 2928 tam
1035 2860 1395 2928 exteriora
1461 2881 1663 2954 quam
1715 2860 2051 2934 interiora
2103 2874 2365 2928 versus
2437 2861 2444 2870 '

357 2954 640 3042 dimisit,
692 2959 811 3050 qui
864 2978 1024 3027 cum
1075 2967 1228 3028 tres
1279 2968 1536 3031 noctes
1578 2958 2002 3044 abfuissent,
2050 2957 2400 3043 nuntium,

356 3054 787 3142 retulerunt,
849 3054 1227 3130 Thrandos
1274 3057 1667 3131 Interiores
1720 3060 1863 3130 duo
1928 3056 2145 3128 millia
2195 3075 2365 3149 qua-

361 3154 836 3248 dringentos²
887 3158 1148 3230 milites
1199 3163 1671 3244 contraxisse,
1724 3167 1799 3228 et
1837 3162 1979 3249 jam
2012 3160 2081 3227 in
2111 3159 2365 3225 itinere

358 3276 572 3342 esse,
640 3255 918 3330 lvarem
983 3280 1177 3330 vero
1235 3256 1768 3353 [quinquaginta
1833 3253 2109 3328 naves3
2164 3264 2369 3325 extra
2505 3269 2509 3273 ·

358 3356 452 3426 ad
519 3356 1017 3451 Raudabjarga
1086 3356 1376 3434 hahere.
1480 3358 1759 3449 Quibus
1832 3357 2158 3430 omnibus
2208 3351 2366 3449 regi

358 3478 503 3527 uno
555 3467 880 3551 tempore
932 3461 1296 3545 nuntiatis,
1347 3458 1485 3534 sihi
1533 3480 1678 3532 non
1726 3459 2138 3531 morandum
2191 3476 2363 3530 esse

358 3566 596 3644 ratim,
665 3558 758 3628 ad
807 3581 1032 3632 naves
1083 3582 1240 3632 cum
1293 3563 1450 3632 suis
1502 3561 1855 3646 decurrit,
1911 3568 1985 3631 et
2031 3559 2364 3631 undecim

359 3656 657 3729 celoces
706 3663 1159 3753 comparavit.
1262 3658 1404 3752 Qui
1453 3659 1643 3733 haud
1695 3659 1913 3752 longe
1963 3660 2052 3731 ab
2104 3657 2364 3739 Holmo

357 3777 495 3850 per
546 3762 910 3832 exteriora
962 3763 1310 3854 provecti,
1362 3760 1673 3834 classem
1707 3758 2203 3836 Thrandorum
2249 3757 2364 3830 ln-

357 3861 702 3931 teriorum
771 3859 859 3931 ab
926 3863 1245 3944 interiori
1310 3866 1515 3934 sinus
1579 3871 1781 3957 parte
1848 3859 2111 3933 advehi
2191 3881 2365 3932 con·

357 3968 792 4050 spexerunt,
852 3963 979 4056 qui
1047 3960 1308 4032 deinde
1375 3972 1513 4032 tam
1582 3983 1812 4056 prope
1876 3968 2366 4044 accesserunt,

359 4067 440 4128 ut
502 4061 595 4130 ad
669 4063 881 4131 ictum
950 4059 1078 4134 teli
1128 4055 1489 4150 venirent3
1561 4060 2118 4156 quinquaginta4
2182 4079 2363 4130 vero

431 4198 775 4265 1)Scllxiu‚m
816 4198 881 4251 G·
952 4199 1214 4270 ²)0mm
1256 4199 1371 4257 F.
1392 4196 1984 4271 8ι’)ιιιιιιι](ιιιιςιιε,“ἱῗ.
2056 4195 2366 4265 ⁴)quadn·

346 4292 512 4363 glum.
556 4290 625 4354 G,
665 4291 719 4344 F
720 4310 741 4356 ἰ
777 4313 982 4382 novem,
1023 4293 1090 4348 Β.
1327 4313 1349 4327 ‘
