2950 4709
624 388 806 479 m
1054 414 1423 466 urs-roma
1480 412 1704 462 ntem
1760 407 2198 459 svnunnms.
2396 393 2655 464 (3.165.

631 602 888 674 codem
940 600 1149 694 plane
1201 600 1414 671 modo
1469 619 1556 669 ac
1611 617 1741 667 rex
1793 595 2098 668 vestitus
2152 607 2342 679 erat,
2394 596 2653 686 paucis

631 704 1007 773 comitatus
1058 703 1128 770 in
1180 697 1583 770 fruticetum
1626 696 1938 790 aliquod,
1989 697 2058 764 in
2109 697 2468 764 anteriore
2520 716 2651 786 pa-

629 822 963 874 scuorum
1036 809 1237 894 parte
1306 803 1553 885 situm,
1625 798 2000 892 equitavit,
2068 794 2193 865 ubi
2258 816 2302 865 a
2362 793 2654 864 colonis

629 902 872 974 subito
937 899 1610 995 supervenientibus
1679 907 1975 967 necatus
2050 904 2203 981 est,
2284 892 2654 988 obliquam

631 1023 888 1095 genam
941 1000 1349 1094 collumque
1401 997 1599 1070 letali
1667 996 1876 1090 plaga
1938 999 2160 1081 ictuS,
2235 995 2650 1088 deindeque

632 1105 845 1173 armis
897 1100 1263 1195 spoliatus.
1367 1098 1533 1191 Quo
1601 1097 1789 1170 facto
1847 1100 2207 1186 ingentem
2259 1095 2650 1166 clamorem

635 1202 962 1286 edenteS,
1015 1221 1263 1292 regem
1318 1200 1676 1271 cecidisse
1731 1195 2235 1290 significarunt.
2302 1193 2468 1287 Quo
2519 1217 2648 1264 au-

636 1304 783 1374 dito
850 1297 1247 1371 Birkiheini
1315 1302 1386 1369 in
1456 1298 1940 1393 persequendi
2002 1298 2240 1369 studio
2308 1296 2653 1366 retardati

630 1411 834 1486 sunt,
897 1400 1246 1494 brevique
1297 1400 1414 1470 hie
1468 1420 1711 1470 rumor
1759 1399 1851 1468 ad
1902 1406 2288 1490 utrosque,
2340 1394 2653 1467 colonos

635 1512 711 1574 ct
747 1499 1231 1586 BirkibeinoS,
1281 1503 1620 1594 pervasit,
1664 1503 1949 1592 jamque
2006 1506 2467 1590 utrorumque
2520 1517 2651 1566 co-

632 1602 884 1674 hortes
934 1606 1002 1673 in
1053 1623 1263 1672 unum
1316 1602 1746 1693 congregari
1786 1607 2171 1691 eoeperunt.
2253 1594 2469 1687 Quod
2525 1595 2652 1666 nbi

631 1724 769 1774 rex
821 1704 1104 1788 audivit,
1155 1700 1494 1772 bellicum
1551 1703 1703 1770 cani
1750 1701 1989 1791 jussit,
2043 1718 2376 1790 equoque
2427 1696 2651 1768 auda·

634 1814 791 1875 cter
841 1809 1231 1896 provectus
1288 1812 1435 1889 est3
1490 1821 1796 1894 moxque
1842 1797 2079 1869 coloni
2110 1795 2651 1881 intellexerunt,

633 1924 719 1975 se
783 1906 1034 1973 minori
1104 1903 1344 1995 praeda
1412 1904 1716 1994 potitoS,
1787 1921 1992 1994 quam
2062 1901 2326 1991 opinati
2380 1907 2651 1969 essent.

634 2002 918 2074 Interim
970 2000 1364 2072 Birkibeini
1430 2022 1564 2094 per
1634 2000 2034 2072 frutice-tum
2101 1998 2649 2084 contenderunt,

631 2102 899 2174 vexillo
953 2105 1158 2192 regio
1209 2101 1688 2193 praecedente.
1769 2101 1962 2172 Dein
2013 2119 2145 2192 per
2195 2109 2398 2192 prata
2447 2121 2647 2191 quae·

635 2203 789 2273 dam
840 2201 1143 2295 profecti
1192 2204 1261 2270 in
1313 2222 1630 2291 magnam
1670 2200 2088 2272 colonorum
2130 2198 2649 2271 multitudinem

629 2304 820 2396 apud
890 2322 1140 2396 rupem
1207 2301 1553 2396 quandam
1621 2302 2058 2388 inciderunt,
2123 2299 2648 2393 confestimque

633 2408 894 2498 impetu
949 2404 1137 2474 facto
1188 2402 1685 2474 vehementem
1744 2410 1817 2472 et
1844 2422 2083 2473 acrem
2114 2422 2417 2494 pugnam
2451 2421 2646 2470 com-

631 2507 1019 2590 miserunt,
1086 2512 1393 2598 utroque
1466 2506 1788 2574 exercitu
1838 2505 1911 2571 in
1964 2522 2125 2572 eum
2179 2500 2417 2572 locum
2473 2522 2645 2571 con-

631 2606 918 2678 fluente.
1024 2603 1276 2674 Coloni
1328 2602 1468 2674 hoe
1523 2602 1724 2689 loeo,
1792 2611 1870 2673 ut
1918 2611 2164 2687 antea,
2227 2600 2412 2672 male
2464 2600 2645 2670 mul-

633 2708 808 2789 cati,
877 2726 1097 2774 morae
1162 2704 1422 2774 ibidem
1493 2707 1782 2796 pertaesi
1851 2704 2132 2774 domum
2199 2702 2646 2773 contendere

631 2803 1050 2887 maluerunt,
1103 2801 1363 2896 aliique
1393 2804 1532 2874 alio
1564 2803 1914 2895 aufugere
1957 2811 2343 2897 coeperunt.
2404 2800 2645 2880 Birki-

632 2905 1114 2986 heiniomneS,
1168 2913 1516 2997 quotquot
1545 2906 1859 2974 assecuti
1879 2913 2067 2988 sunt,
2110 2902 2646 2988 interfecerunt,

631 3004 1139 3098 fugientesque
1169 3003 1259 3073 ad
1289 3012 1571 3074 noctem
1602 3025 1830 3099 usque
1877 3006 2183 3075 insecuti
2223 3012 2407 3075 sunt.
2475 3002 2646 3073 Rex

632 3105 774 3176 hoe
828 3105 945 3174 die
997 3107 1287 3199 cuique,
1353 3108 1468 3200 qui
1521 3107 1825 3199 petisset
1873 3125 2104 3200 seque
2157 3107 2643 3190 convenisset,

631 3205 1182 3279 incolumitatem
1217 3209 1598 3278 concessit.
1662 3204 2075 3276 Thorvidus
2102 3227 2345 3276 caecus
2369 3213 2645 3298 eaptuS,

633 3319 710 3380 et
761 3330 801 3378 a
855 3329 1033 3399 rege
1086 3310 1227 3378 vita
1283 3308 1587 3378 donatus
1643 3316 1771 3377 est.
1855 3304 2134 3378 Colono
2170 3307 2469 3391 cuidam,
2519 3311 2642 3398 qui

633 3419 747 3480 ter
800 3410 1055 3478 eodem
1110 3407 1225 3477 die
1280 3418 1529 3499 captus
1583 3418 1772 3493 erat,
1825 3426 1957 3475 rex
2009 3405 2314 3497 singulis
2364 3404 2644 3478 vicibus

631 3528 879 3601 pacem
934 3508 1165 3594 dedit3
1232 3509 1351 3600 qui
1418 3528 1572 3578 cum
1630 3510 1863 3578 denuo
1916 3507 2006 3577 ad
2059 3505 2361 3578 colonos
2413 3516 2641 3577 trans-

632 3607 948 3698 fugisset
998 3616 1071 3676 et
1120 3628 1277 3677 cum
1334 3610 1443 3677 eis
1497 3618 1868 3701 pugnaret,
1921 3619 2165 3701 quarta
2197 3609 2354 3679 vice
2392 3618 2643 3700 captus

635 3717 710 3779 et
760 3706 1178 3778 interfectus
1232 3717 1361 3780 est.
1462 3706 1628 3777 Rex
1682 3728 1992 3801 vespere
2045 3729 2131 3778 se
2183 3710 2253 3777 in
2308 3709 2642 3801 oppidum

631 3809 947 3901 recepit,
998 3807 1281 3900 vigilias
1336 3830 1889 3903 quoquoversus
1940 3807 2025 3877 ab
2082 3810 2346 3902 oppido
2400 3808 2641 3902 dispo-

632 3913 793 3983 suit.
876 3907 1286 4003 Insequenti
1339 3930 1568 3996 mane,
1621 3911 1961 3982 advocata
2017 3910 2388 3996 concione,
2441 3910 2642 4002 oppi-

635 4012 837 4082 danis
915 4031 1047 4104 pro
1134 4012 1452 4101 praestito
1523 4010 1787 4081 auxilio
1856 4011 2150 4100 suisque
2220 4031 2354 4102 pro
2419 4029 2644 4103 opera

630 4108 940 4179 fideliter
1006 4118 1255 4179 navata
1325 4112 1593 4200 gratias
1666 4113 1851 4201 egit,
1922 4107 2160 4178 multis
2226 4111 2643 4205 pulcrisque

629 4207 873 4279 verbis
924 4230 1172 4280 eorum
1224 4211 1293 4277 in
1348 4229 1436 4279 se
1487 4208 1835 4279 beneficia
1888 4229 2487 4284 commemorans:
2554 4232 2647 4283 ea
