2950 4709
344 369 417 440 G.
446 367 550 443 60.
592 362 597 370 ’
780 369 1146 425 Ηιετυιιιᾼ
1201 371 1427 425 neers
1481 331 1921 425 svnn‘ns‘ms.
2197 343 2361 435 105

346 560 784 656 colloquium
835 560 1212 633 referrent.
1292 557 1614 633 Durante
1656 560 2021 656 colloquio
2053 550 2360 631 induciae

345 672 594 754 pactae.
694 659 864 730 Rex
913 662 1228 752 Magnus
1278 681 1413 733 una
1467 662 1722 756 celoce
1775 671 2030 734 vectus
2080 655 2170 730 ad
2209 653 2360 751 Ey-

347 782 470 833 ras
521 760 811 855 appulit,
862 782 997 830 rex
1026 759 1343 858 Sverrer
1392 763 1710 855 inEyris
1764 781 1954 855 equo*
1984 758 2362 843 insidebat,

347 883 601 954 magna
636 865 938 954 stipatus
972 859 1322 931 hominum
1356 861 1823 948 multitudine,
1875 879 2170 954 quorum
2207 858 2360 952 ple·

225 1035 230 1039 ,
347 965 555 1056 rique
609 959 848 1032 coloni
902 972 976 1032 et
1027 962 1357 1053 oppidani
1414 971 1652 1048 erant,
1718 965 1910 1032 scire
1963 963 2363 1054 cupientes,

350 1083 511 1156 quae
579 1081 803 1153 reges
868 1064 1056 1131 inter
1103 1082 1190 1131 se
1261 1062 1883 1156 colloquerentur,
1945 1070 2065 1131 aut
2131 1059 2363 1153 qualis
2500 1119 2506 1123 ,

351 1163 632 1234 futurus
686 1170 888 1232 esset
938 1154 1280 1253 colloquii
1330 1162 1507 1232 finis.
1588 1161 1723 1233 Hic
1773 1160 2121 1232 Nicolaus
2158 1159 2365 1229 Arnii

348 1262 540 1333 filius
588 1264 857 1355 primus
893 1263 1220 1346 omnium,
1270 1266 1554 1333 nomine
1584 1265 1785 1355 regis
1821 1263 2093 1354 Magni,
2142 1258 2367 1331 verba

279 1391 286 1394 ·
350 1362 546 1447 fecit,
601 1363 803 1453 cujus
856 1364 1083 1431 oratio
1136 1364 1528 1433 secundum
1582 1381 1691 1448 ea,
1743 1383 1904 1458 quae
1949 1370 2158 1432 antea
2189 1368 2367 1430 acta

349 1464 672 1547 fuerant,
743 1462 834 1531 ad
885 1482 1134 1553 pacem
1186 1458 1780 1535 reconciliandam
1847 1463 2231 1555 spectavit3
2299 1461 2366 1530 is

349 1564 635 1655 longam
704 1570 779 1632 et
846 1561 1183 1633 disertam
1249 1567 1643 1634 orationem
1710 1562 1970 1633 babuit.
2082 1554 2366 1631 Milites

349 1666 553 1756 regis
603 1662 854 1753 Magni
906 1656 1173 1754 aliquot
1222 1662 1520 1734 celoces
1572 1666 1640 1732 in
1692 1684 1965 1734 amnem
2007 1664 2227 1731 remis
2259 1662 2367 1728 in·

351 1766 690 1848 citarent,
765 1760 1022 1855 quibus
1092 1760 1283 1834 obvii
1348 1760 1747 1834 Birkibeini
1816 1762 2366 1845 descenderant,

350 1886 437 1935 ac
488 1864 913 1935 cerevisiam
984 1859 1471 1934 delicatiorem
1541 1863 1677 1935 sibi
1731 1884 1824 1935 ex
1874 1861 2138 1957 oppido
2192 1860 2363 1931 afle-

350 1964 643 2037 rendam
696 1971 1043 2048 curarant,
1099 1983 1244 2056 quo
1296 1963 1486 2036 facto
1539 1979 1791 2036 omnes
1840 1979 1979 2035 una
2029 1964 2102 2032 in
2127 1960 2385 2031 Bratt:

350 2085 532 2158 cyra
593 2063 1109 2148 consederant,
1174 2063 1416 2158 ibique
1485 2064 1819 2158 potabant
1887 2073 1963 2135 et
2021 2067 2208 2133 inter
2274 2079 2361 2132 se

255 2199 262 2208 ·
351 2162 965 2259 colloquebantur.
1095 2161 1272 2253 Qui·
1325 2168 1463 2236 etsi
1548 2166 1985 2237 diversarum
2065 2165 2365 2257 partium

351 2275 625 2351 essent,
675 2274 910 2335 tamen
941 2267 1126 2333 inter
1154 2262 1561 2358 complures
1594 2287 1840 2337 eorum
1868 2264 2365 2354 consangvini·

352 2368 515 2450 tatis
579 2374 702 2436 aut
764 2364 1119 2435 affinitatis
1183 2375 1308 2437 aut
1357 2367 1674 2459 pristinae
1731 2367 2054 2437 amicitiae
2106 2367 2365 2433 neces·
2433 2373 2493 2390 ’-

352 2466 594 2539 situdo
647 2463 1157 2536 intercedebat,
1256 2464 1443 2536 Post
1491 2464 1650 2537 haec
1706 2486 1843 2537 rex
1894 2463 2211 2535 Sverrer
2260 2462 2366 2532 di·

351 2587 526 2639 cere
580 2586 795 2636 orsus
845 2574 1003 2651 est,
1059 2586 1147 2636 se
1200 2566 1290 2635 ad
1345 2586 1594 2659 pacem
1647 2589 1808 2638 cum
1857 2584 2041 2657 rege
2091 2564 2367 2655 Magno

351 2665 783 2752 faciendam,
834 2685 975 2759 quo
1026 2670 1262 2759 pacari
1314 2687 1614 2758 regnum
1666 2675 1949 2761 posset,
2010 2673 2370 2758 promtum

353 2787 563 2855 esse3
635 2787 909 2859 easque
961 2765 1407 2838 conditiones
1458 2770 1710 2839 iterum
1765 2765 2056 2851 obtulit,
2123 2774 2201 2835 ut
2250 2783 2367 2835 re-

355 2889 569 2961 gnum
624 2887 719 2937 ex
758 2866 1041 2944 dimidio
1094 2870 1281 2937 inter
1318 2888 1403 2938 se
1438 2872 1892 2962 partirentur,
1941 2870 2035 2936 ita
2063 2874 2142 2937 ut
2173 2873 2368 2935 nter·

353 2990 497 3062 que
546 2988 681 3038 rex
735 2976 960 3055 esset,
1008 2970 1196 3039 sicut
1247 2967 1410 3039 olim
1462 2969 1772 3040 fuissent
1821 2967 1944 3037 filii
1979 2968 2178 3059 regis
2206 2965 2368 3035 Ma-

354 3071 479 3160 gni
525 3063 951 3161 Nudipedis,
1004 3076 1125 3138 aut
1175 3066 1297 3137 filii
1341 3071 1544 3160 regis
1572 3068 1862 3140 Haraldi
1894 3066 2124 3154 Gillii3
2180 3081 2369 3141 nam-

312 3177 498 3261 'que
554 3185 649 3235 ex
699 3187 839 3260 quo
891 3185 1025 3238 rex
1074 3169 1391 3260 Magnus
1440 3167 1693 3239 Bonus
1755 3168 2108 3238 dimidiam
2160 3165 2372 3256 regni

354 3275 629 3361 partem
695 3270 853 3358 regi
922 3266 1238 3339 Haraldo
1324 3278 1574 3361 patruo
1640 3289 1781 3340 suo
1850 3255 2371 3350 concessisset,

353 3369 754 3461 saepissime
786 3368 928 3439 duo
980 3388 1223 3460 reges,
1254 3378 1565 3454 creatoS,
1619 3376 1692 3439 et
1725 3366 2076 3439 interdum
2121 3364 2372 3459 plures

355 3490 498 3540 uno
522 3477 876 3560 ‘tempore
925 3468 1319 3560 Norvegiae
1369 3468 1787 3561 praefuisse3
1840 3471 2042 3560 ipsos
2098 3468 2370 3559 prisco-

355 3588 512 3638 rum
575 3588 828 3660 regum
912 3568 1244 3663 exempla
1307 3572 1557 3664 sequi,
1645 3567 1803 3641 non
1854 3567 2372 3640 inconveniens

338 3688 548 3764 csse.
647 3667 848 3739 Hanc
911 3671 1113 3761 regis
1173 3673 1566 3776 orationem
1619 3668 1858 3741 coloni
1914 3679 1988 3742 et
2039 3666 2372 3761 oppidani

353 3789 606 3861 magna
655 3768 1164 3840 acclamatione
1196 3770 1765 3862 comprobarunt,
1816 3776 2170 3840 testantes
2206 3765 2403 3837 eum'

353 3872 618 3962 optimc
669 3871 967 3940 dixisse.
1046 3867 1226 3941 Tum
1282 3891 1414 3940 rex
1444 3872 1760 3963 Magnus
1791 3889 2127 3962 surgenS,
2176 3865 2374 3938 clara

355 3990 542 4040 voce
613 3979 688 4041 et
754 3970 1052 4064 primum
1119 3972 1404 4063 quidem
1473 3971 1842 4042 moderate
1912 3967 2198 4039 locutus
2252 3973 2372 4037 est

352 4070 423 4138 in
476 4068 658 4141 hanc
705 4073 1167 4145 sententiam:
1237 4071 1431 4165 quod
1483 4072 1574 4142 ad
1625 4083 1849 4163 reges
1900 4089 1942 4139 a
1994 4076 2068 4140 te
2124 4086 2370 4136 exem-

352 4167 456 4264 pli
521 4168 689 4244 loco
751 4171 1108 4245 adductos
1162 4174 1433 4260 attinet,
1488 4192 1674 4270 qnos
1730 4167 1992 4244 eodem
2042 4175 2369 4262 tempore
