2950 4709
365 373 440 436 c,
481 368 625 434 125,
811 371 1177 422 msa-omn
1233 370 1458 420 uncus
1514 370 1952 422 svnnnnms.
2201 349 2370 435 211

367 560 668 653 dynasta
720 558 813 630 de
864 562 1019 630 suis
1069 560 1310 629 causis
1359 556 1684 649 agebant.
1783 553 1963 628 Tum
2017 567 2373 630 conventu

362 664 437 733 in
489 661 900 752 coemeterio
953 658 1131 729 aedis
1182 655 1448 727 Christi
1497 657 1803 742 indicto,
1858 677 2110 727 omnes
2159 657 2372 728 aulici

362 761 622 833 solium
668 762 866 851 regis
908 761 1552 843 circumsteterunt,
1606 755 1764 827 aliis
1813 752 1978 828 loco
2008 760 2374 829 remotiori

362 859 923 945 considentibuS,
972 879 1223 949 magna
1273 866 1627 950 praeterea
1675 855 2119 928 multitudine
2173 867 2375 927 extra

361 964 828 1045 consistente,
879 960 949 1027 in
998 957 1258 1051 quibus
1311 957 1629 1047 dynasta.
1708 955 1781 1027 ls
1814 972 2220 1027 sermonem
2255 977 2371 1027 or·

320 1078 531 1145 sus,
584 1058 771 1152 hunc
818 1062 889 1128 in
937 1058 1222 1129 modum
1274 1054 1499 1128 verba
1553 1055 1754 1127 fecit:
1817 1055 1961 1127 'boc
2010 1055 2176 1127 loco
2226 1078 2369 1127 ma·-

361 1182 501 1252 gua
554 1160 889 1230 convenit
938 1160 1358 1231 eximiorum
1407 1159 1722 1228 virorum
1763 1155 2155 1242 multitudo,
2209 1175 2370 1251 quae

328 1269 441 1332 .ut
503 1280 684 1329 meae
752 1260 1051 1329 orationi
1115 1257 1455 1328 secundo·
1510 1274 1798 1327 rumore
1869 1250 2142 1344 faveat,
2209 1278 2370 1327 mea

358 1359 733 1452 plurimum
783 1361 1100 1428 interest.
1218 1357 1420 1447 Ego,
1506 1359 1710 1448 cujus
1790 1365 2068 1426 aetatem
2150 1355 2370 1427 barba

360 1457 704 1544 testatur,
780 1456 1056 1548 pluries
1124 1455 1211 1524 ad
1266 1453 1731 1547 complurium
1785 1476 2038 1546 regum
2107 1478 2368 1547 genua,

361 1558 715 1627 interdum
790 1557 1049 1625 intimae
1123 1556 1443 1624 amicitiae
1512 1574 1729 1645 ergo,
1808 1556 2207 1645 saepissime
2277 1557 2367 1625 ad

363 1655 690 1727 difficiles
742 1674 999 1724 causas
1052 1652 1573 1745 disceptandas,
1623 1656 1923 1723 accessi.
1986 1651 2150 1723 Jam
2184 1676 2370 1726 nova

362 1757 745 1826 intervenit
794 1751 1195 1837 difficultaS,
1246 1755 1350 1823 ira
1402 1753 1663 1822 domini
1698 1755 1864 1837 mei,
1915 1756 2115 1845 regis
2144 1751 2366 1824 Sver-

360 1858 584 1941 reris,
655 1876 856 1948 quam
924 1874 1064 1923 nou
1115 1862 1255 1923 tam
1308 1855 1730 1938 commerui,
1798 1875 2003 1945 quam
2054 1853 2366 1946 suscepi.

356 1955 620 2048 Neque
677 1958 860 2024 enim
893 1973 1035 2044 ego
1078 1953 1570 2045 comparandae
1604 1951 1931 2024 factionis
1965 1967 2215 2024 auctor
2246 1953 2366 2024 fui.
2447 1937 2461 1967 ’

352 2053 520 2138 Non
575 2055 853 2148 quidem
884 2054 1235 2124 adversus
1277 2074 1431 2124 eam
1461 2055 1805 2145 pugnavi3
1855 2053 1991 2124 sed
2022 2056 2368 2125 universo

357 2154 626 2247 populo
678 2156 880 2225 istius
931 2163 1170 2238 terrae,
1221 2156 1335 2224 cui
1373 2153 1765 2246 praefectus
1798 2174 2061 2239 essem,
2111 2154 2366 2224 adver-

356 2258 502 2323 sari
536 2274 678 2322 non
711 2253 822 2349 fas
859 2262 1029 2323 erat.
1122 2251 1383 2345 Neque
1425 2273 1604 2323 vero
1637 2249 2107 2324 Orcadenses
2138 2257 2369 2324 omnia

358 2354 450 2421 ad
501 2373 726 2422 meam
778 2351 1211 2422 voluntatem
1272 2351 1569 2421 faciunt:
1646 2349 1844 2421 multi
1915 2373 2012 2422 ex
2063 2350 2366 2424 Orcadi-

359 2450 496 2522 bus
551 2460 1050 2534 excurrentes,
1101 2449 1508 2520 Hiberniam
1540 2459 1661 2521 aut
1688 2449 1999 2521 Scotiam
2053 2456 2366 2545 piraticae

357 2550 706 2622 faciendae
773 2570 993 2620 causa
1061 2548 1433 2634 infestant,
1502 2557 1621 2621 aut
1685 2562 2127 2622 mercatores
2198 2552 2363 2622 diri·

356 2655 576 2746 piunt,
628 2652 844 2743 idque
895 2670 1008 2719 me
1060 2651 1301 2735 invito,
1359 2671 1751 2744 quanquam
1804 2652 1875 2719 in
1930 2654 2159 2743 poenis
2212 2655 2364 2723 exi-

356 2751 615 2841 gendis
667 2748 889 2842 vulgo
937 2748 1126 2819 baud
1180 2748 1563 2842 negligens
1596 2748 1984 2821 existimor.
2069 2750 2219 2823 Sed
2271 2753 2363 2824 de

355 2850 470 2920 bis
522 2872 662 2920 non
712 2850 962 2936 multa3
1029 2869 1182 2918 rem
1235 2870 1539 2936 omnem,
1591 2860 1746 2921 utut
1794 2851 1976 2922 facta
2030 2862 2164 2938 est,
2215 2853 2363 2924 Dei

353 2959 676 3044 tuaeque,
731 2951 1052 3034 domine,
1115 2954 1449 3041 potestati
1504 2953 1850 3043 permitto.
1968 2951 2102 3024 His
2157 2955 2365 3024 dictis
2490 3035 2498 3041 ‚
2590 3016 2596 3022 .

356 3051 658 3141 dynasta
741 3070 874 3142 per
951 3048 1251 3119 mediam
1317 3049 1832 3120 multitudinem
1896 3074 2363 3143 progressuS‚

354 3148 662 3240 genibus
714 3151 914 3239 regis
967 3145 1347 3218 advolutus
1401 3158 1532 3219 est.
1629 3147 1799 3218 Rex
1834 3152 2364 3245 circumspexit,

349 3251 732 3342 seriusque
784 3266 1188 3318 sermonem
1243 3266 1496 3317 orsus:
1549 3267 1685 3318 vos
1727 3246 2162 3340 Norvegiam
2218 3273 2362 3322 ma-

352 3369 524 3439 gua,
577 3351 827 3442 inquit,
879 3346 1273 3418 calamitate
1323 3346 1708 3433 afflixistiS,
1761 3351 1880 3441 qui
1930 3359 2068 3419 tam
2121 3351 2363 3422 valen-

352 3456 495 3517 tem
546 3447 958 3533 factionem,
1013 3468 1217 3542 quam
1269 3444 1581 3517 Insulani
1632 3447 1938 3535 fuerunt,
1990 3448 2131 3521 buc
2180 3454 2361 3522 irru-

350 3554 624 3639 pturam
677 3556 917 3617 vestra
971 3567 1111 3638 ope
1164 3548 1564 3639 adjuvistis3
1618 3547 1809 3642 quod
1861 3570 1902 3619 a
1952 3570 2108 3622 mea
2162 3572 2361 3645 meo·

351 3665 650 3739 rumque
713 3644 1076 3728 voluntate
1146 3647 1360 3718 valde
1424 3647 1873 3719 abhorrebat.
2006 3648 2361 3742 Quoniam
2414 3654 2421 3659 ’
2521 3645 2527 3655 ’

350 3765 532 3817 vero
564 3745 885 3837 dynasta,
935 3755 1015 3816 ut
1041 3746 1292 3817 videre
1321 3757 1457 3834 est,
1509 3746 1648 3818 buc
1677 3749 1985 3835 advenit,
2037 3762 2111 3823 et
2139 3756 2360 3824 omni-

348 3867 491 3931 um,
544 3866 704 3939 quae
756 3847 825 3914 in
876 3865 1011 3916 nos
1065 3843 1384 3939 deliquit,
1435 3850 1906 3939 poenitentiam
1942 3855 2110 3942 agit,
2161 3856 2358 3924 veni-

349 3965 605 4040 amque
659 3941 1023 4039 implorat,
1091 3942 1274 4015 banc
1337 3946 1406 4015 ei
1475 3948 1885 4019 concedere
1938 3950 2143 4041 volo;
2221 3952 2360 4046 ipsi

355 4048 547 4137 enim‘
590 4045 757 4123 mihi
811 4065 995 4140 opus
1049 4052 1200 4142 est,
1255 4053 1332 4116 ut
1380 4043 1594 4118 Deus
1647 4051 2127 4222 omncipgtens,
2163 4051 2358 4124 'ultra
