2950 4709
329 342 693 460 c.15l3÷57.
784 392 1149 443 msa-enm
1195 382 1421 441 nnsis
1473 392 1916 442 svesamma.
2165 367 2345 456 m
2416 379 2423 384 ’

326 578 689 650 hortatus:
766 592 953 648 nunc
1017 581 1312 647 strenue
1376 581 1667 668 operam
1736 580 2033 664 navate,
2095 543 2388 671 inquit,

327 700 445 749 me
498 700 684 749 nune
727 679 1117 747 convenire
1155 675 1422 748 volunt.
1496 675 1738 769 Atque
1771 678 1999 768 primo
2031 677 2341 771 quidem,

197 809 202 814 ·
323 800 484 849 cum
538 776 746 868 Bagli
798 774 1295 847 Ramisudaml
1353 778 1574 861 remis
1642 779 2132 868 circumagere
2183 775 2340 848 vel-

323 877 516 964 lent,
585 880 745 948 navi
808 876 1119 947 nondum
1186 878 1258 945 iu
1329 896 1613 946 cursum
1684 878 1968 967 penitus
2030 878 2348 962 incitata,-

255 1033 261 1039 .
325 981 793 1071 insequentes
844 974 1239 1046 Birkibeini
1298 976 1546 1066 majori
1611 972 1989 1046 celeritate
2044 975 2342 1046 uteban⁴

326 1086 462 1147 tur.
555 1075 711 1146 Sed
764 1077 1044 1145 minime
1096 1095 1409 1145 necesse
1465 1084 1639 1160 erat,
1693 1076 2105 1167 episcopum
2159 1095 2340 1147 suos

325 1185 699 1268 tantopere
771 1175 859 1245 ad
925 1174 1405 1265 remigandum
1462 1171 1769 1259 hortari,
1850 1194 2102 1245 omnes
2156 1177 2341 1245 enim

324 1272 800 1347 vehementer
848 1273 1227 1366 cupiebant
1255 1274 1671 1366 remigando
1706 1226 2085 1366 elingere.-
2125 1272 2342 1366 Bagli

322 1396 502 1447 vero
558 1397 650 1445 ex
715 1376 985 1445 ceteris
1053 1374 1395 1460 navibus,
1465 1374 1599 1444 hac
1667 1396 1749 1445 re
1820 1375 2339 1462 animadversa,

326 1473 625 1546 celoces
678 1496 772 1544 eo
823 1476 1233 1558 incitarunt,
1303 1483 1377 1543 et
1427 1471 1810 1543 Onuudum
1864 1495 1906 1543 a
1969 1472 2184 1544 litore
2233 1476 2338 1542 in-

320 1573 738 1646 tercludere
811 1572 1254 1643 studuerunt.
1356 1569 1751 1658 OnunduS,
1818 1593 1904 1642 se
1972 1594 2014 1643 a
2082 1582 2340 1644 conatu

324 1674 680 1764 dejectum
748 1670 1200 1763 intelligens,
1268 1691 1352 1741 re
1419 1674 1531 1742 sic
1595 1680 1995 1764 comparata
2048 1693 2336 1743 cursum

323 1773 645 1858 reflexit,
699 1771 952 1864 elapso
1006 1770 1288 1862 quidem
1345 1779 1389 1840 e
1442 1771 1766 1842 manibus
1818 1769 2162 1857 Nicolao,
2215 1793 2338 1843 cu·

323 1871 520 1949 cullo
570 1892 749 1941 vero
807 1874 967 1963 ejus
1021 1869 1258 1940 indicii
1308 1872 1467 1941 vice
1523 1869 1774 1941 relato.
1832 1931 1851 1939 -

372 1969 607 2067 Baqlz·
657 1994 707 2041 a
736 1969 1098 2047 Sverrere
1146 1972 1447 2065 ejusque
1494 1966 1844 2040 militibus
1892 1968 2286 2061 interfecti.

528 2070 695 2142 157.
793 2069 981 2141 Post
1064 2068 1223 2141 haec
1303 2069 1703 2141 vehemens
1768 2079 2030 2141 ventus
2095 2069 2335 2164 aquilo

322 2173 659 2262 surrexit,
712 2173 828 2242 cui
858 2189 1111 2241 omues
1159 2189 1383 2240 naves
1432 2172 1743 2262 majores
1777 2167 2167 2260 Baglorum
2211 2168 2335 2239 ad-

325 2290 566 2341 versae
638 2267 1128 2361 objacebant.
1179 2267 1349 2358 Quo
1419 2267 1587 2339 loco
1658 2291 1814 2340 cum
1887 2268 2072 2339 haud
2125 2267 2336 2339 facile

323 2371 668 2438 sustineri
733 2387 955 2460 posse
1025 2387 1159 2436 rex
1228 2364 1543 2438 Sverrer
1608 2365 2080 2459 intelligeret,
2166 2377 2335 2438 octo

326 2469 535 2561 equis
599 2457 872 2538 amnem
943 2467 1472 2558 transportatis,
1559 2469 1718 2559 ipse
1805 2487 1898 2536 eo
1965 2463 2337 2558 profectus
2388 2462 2411 2471 ⁴
2488 2570 2496 2577 ⁴

326 2576 482 2652 est,
567 2585 1117 2659 conscensoque
1188 2573 1376 2658 equo
1447 2586 1582 2658 per
1667 2568 2041 2658 superiora
2119 2586 2340 2659 supra

321 2662 561 2736 Ladas
627 2667 718 2737 ad
789 2686 923 2736 eos
987 2674 1244 2761 vectus
1313 2672 1448 2735 est.
1551 2663 1721 2754 Quo
1787 2674 1867 2734 ut
1931 2667 2165 2751 venit,
2230 2663 2336 2734 illi

324 2764 635 2858 scaphas
687 2769 1068 2836 introrsum
1120 2765 1212 2834 ad
1262 2773 1525 2834 terram
1598 2766 1939 2836 miserant
2001 2764 2092 2834 ad
2136 2784 2349 2838 -oras-

323 2864 843 2951 resolvendas3
930 2884 1230 2935 ancoras
1313 2866 1496 2934 enim
1579 2886 1622 2934 a
1688 2873 1890 2958 parte
1971 2866 2338 2934 exteriore

329 2967 612 3035 navium
684 2966 1154 3049 demiserant‚
1238 2966 1309 3032 in
1379 2984 1559 3055 quas
1648 2963 1862 3035 evehi
1927 2965 2338 3034 statuerant.

321 3063 493 3135 Rex
541 3068 808 3157 impetu
858 3062 1047 3133 facto
1081 3066 1172 3131 in
1226 3083 1397 3146 eOS,
1462 3066 1581 3154 qui
1635 3083 1801 3133 oras
1849 3061 2338 3152 resolvebant,

325 3183 589 3233 novem
643 3162 974 3231 homines
1023 3160 1402 3244 interfecit,
1453 3159 1638 3230 alios
1692 3164 1762 3229 in
1812 3167 2007 3231 m‘are
2034 3181 2124 3231 se
2157 3181 2336 3252 prae-

328 3264 627 3355 cipitare
679 3264 944 3352 coegit,
994 3258 1114 3328 alii
1165 3280 1252 3329 se
1304 3258 1592 3350 scaphis
1641 3260 1731 3330 ad
1778 3279 2003 3330 naves
2033 3278 2335 3352 recepe-³

322 3369 505 3432 runt.
608 3358 856 3452 Quare
924 3357 1172 3450 Bagli,
1243 3360 1569 3451 praecisis
1638 3361 1826 3445 oris,
1894 3360 1965 3428 iu
2032 3379 2336 3429 ancoras

329 3460 839 3547 evehebantur,
890 3458 1224 3552 velisque
1277 3467 1492 3529 vento
1550 3458 1734 3529 datis
1785 3466 2190 3529 extrorsum
2243 3458 2335 3527 ad

293 3558 827 3651 'Raudabjarga
876 3558 1311 3649 navigarunt,
1362 3555 1603 3652 ibique
1658 3558 1836 3629 duas
1864 3568 2120 3630 noctes
2161 3579 2331 3628 con-

323 3660 676 3729 stiterunt.
790 3657 957 3728 Rex
1023 3655 1340 3729 Sverrer
1403 3679 1679 3728 manum
1759 3661 1828 3726 iu
1898 3651 2356 3729 Orkadalum'

325 3759 537 3842 misit,
586 3756 944 3848 Eyolvum
990 3753 1195 3826 Aflii²
1247 3755 1488 3841 filium,
1540 3754 1884 3847 BJalvium
1916 3754 2334 3826 Skinnstnk-

326 3856 493 3928 kum
546 3878 704 3928 cum
766 3856 1089 3927 cohorte.
1189 3852 1439 3925 Tertio
1514 3855 1631 3926 die
1682 3853 1894 3947 Bagli
1956 3857 2046 3926 ad
2097 3853 2333 3925 Orka-

243 3969 254 3975 ’
329 3942 563 4028 ιὶιιΙιιιιι
616 3959 1087 4056 trajecerunt,
1149 3974 1520 4047 navesque
1590 3954 1679 4024 ad
1733 3954 2192 4047 Roabergum
2256 3961 2338 4070 et

397 4181 450 4252 ι>
487 4182 825 4252 umanum,
869 4181 940 4237 c.
1005 4180 1060 4251 ²)
1095 4181 1268 4250 mna,
1310 4179 1392 4239 n.
