2950 4709
320 347 565 446 (2103,
759 375 1123 429 maroam
1176 375 1404 428 uncis
1457 373 1896 433 svennnms.
2161 339 2334 440 ‚175
2413 328 2426 342 ⁹

323 587 480 636 cum
537 586 669 659 per
718 557 1049 659 oppidum
1084 561 1443 658 divulgata
1499 575 1721 652 esset,
1773 563 2148 636 confestim
2202 584 2330 659 opu
2447 634 2456 650 2

323 666 558 760 pidani
646 675 721 737 et
788 664 1129 737 Germani
1214 667 1303 737 ad
1359 687 1582 739 ,arma
1667 674 2169 751 cucurrerunt,
2255 672 2333 736 et

327 767 587 837 deinde
638 770 826 837 inter
875 788 961 839 se
1032 768 1542 855 conflixerunt3
1623 765 1857 851 multi,
1936 768 2333 860 praesertim

270 926 275 930 .
327 867 419 938 de
490 868 900 963 oppidanis,
989 863 1420 939 cediderunt.
1541 867 1881 938 Germani
1950 865 2039 936 ad
2109 881 2334 937 naves

329 970 915 1056 decucurrerunt,
969 977 1044 1039 et
1092 968 1555 1038 mercatorias
1609 970 1979 1039 universas
2010 969 2079 1035 in
2105 969 2334 1037 sinum

325 1079 856 1163 provexerunt,
928 1069 1253 1162 oppidani
1303 1088 1485 1139 vero
1537 1071 1867 1161 impetum
1924 1068 1992 1136 in
2046 1087 2178 1137 eos
2229 1065 2333 1136 fa-

328 1189 504 1239 cere
568 1169 919 1262 parabant.
1022 1165 1340 1240 Tandem
1411 1169 1928 1262 compositione
1997 1162 2336 1239 tumultus

328 1270 624 1341 sedatus
695 1278 823 1340 est.
927 1268 1200 1341 Eadem
1267 1277 1519 1340 aestate
1590 1267 1826 1340 multae
1894 1267 2052 1338 aliae
2105 1266 2334 1339 turbae

326 1373 511 1440 inter
571 1373 734 1441 vina
804 1372 1207 1441 extiterunt.
1306 1366 1473 1440 Fuit
1542 1385 1639 1438 ex
1707 1365 2143 1438 Birltibeinis
2210 1366 2334 1439 ali·

330 1473 529 1564 quiS,
598 1473 718 1563 qui
789 1469 1137 1541 ebrietate
1206 1469 1295 1539 ad
1370 1487 1527 1538 eam
1597 1470 1929 1539 insaniam
2002 1469 2336 1540 redactus

334 1584 483 1654 est,
550 1580 628 1641 ut
678 1591 833 1640 cum
890 1584 976 1639 se
1033 1590 1123 1639 ex
1177 1567 1435 1663 palatio
1490 1588 1785 1660 magno,
1854 1587 1990 1661 qua
2057 1570 2335 1659 regium

330 1669 702 1753 triclinium
755 1668 1156 1762 spectabat,
1211 1669 1630 1761 dejecisset,
1683 1671 1753 1737 in
1806 1688 2023 1761 aquas
2076 1688 2161 1738 se
2213 1690 2334 1739 na-

331 1771 522 1842 tandi
589 1792 804 1841 causa
868 1785 1259 1841 excurrere
1323 1777 1616 1862 putans,
1686 1778 1982 1839 mortem
2037 1776 2335 1862 oppete-

330 1880 477 1959 ret3
548 1870 732 1942 alter
797 1891 884 1941 se
957 1891 1048 1939 cx
1101 1865 1430 1964 pontibus
1474 1870 1572 1940 ad
1626 1869 1829 1940 aedes
1882 1872 2122 1961 regias
2174 1872 2336 1941 sitis

332 1974 833 2065 praecipitavit,
870 2065 875 2071 δ
906 1980 980 2041 et
1042 1976 1467 2042 submersus
1522 1972 1746 2063 periit.
1846 1962 1957 2040 Eo
2009 1978 2336 2064 tempore

334 2093 468 2143 rex
498 2070 811 2144 Sverrer
861 2073 929 2141 in
962 2072 1224 2164 oppido
1277 2091 1420 2141 non
1458 2072 1741 2160 aderat3
1796 2080 1873 2143 ut
1900 2091 2076 2141 vero
2106 2072 2175 2140 in
2209 2092 2337 2165 op·
2405 2117 2414 2125 ·

334 2173 572 2267 pidum
629 2180 965 2256 venerat,
1037 2169 1225 2243 haud
1277 2174 1370 2242 ita
1423 2171 1643 2243 multo
1697 2181 1861 2265 post
1911 2172 2169 2244 accidit
2222 2172 2338 2242 dio

334 2273 680 2367 quodam,
750 2283 827 2343 ut
890 2271 1444 2359 duo'homines,
1512 2271 1700 2342 bene
1757 2274 1942 2365 poti,
2012 2271 2194 2343 alte-r
2246 2288 2339 2342 ex

335 2369 930 2466 speculatoribus,
983 2368 1167 2441 alter
1221 2392 1312 2441 ex
1364 2371 1823 2464 stipatoribus
1856 2373 2101 2461 regiis,
2152 2369 2376 2454 inter,

336 2495 423 2544 se
476 2474 898 2554 rixarentur,
953 2470 1258 2564 deinque
1312 2469 1497 2541 alter
1546 2469 1750 2539 alteri
1801 2468 1946 2539 tela
1989 2473 2340 2560 intentare

336 2580 685 2667 pararent.
786 2564 1196 2641 Thorolvus
1245 2569 1573 2663 Rympil,
1641 2569 2030 2662 praefectus
2079 2590 2339 2662 specu-

338 2672 663 2759 latorum,
714 2670 903 2742 forte
955 2673 1463 2756 interveniens,
1523 2692 1678 2741 cum
1731 2668 1925 2742 nulla
1974 2691 2165 2740 arma
2215 2669 2341 2742 ha-

337 2772 583 2860 beret,
651 2773 938 2844 casside
1009 2789 1052 2841 e
1121 2775 1351 2866 capite
1418 2771 1651 2843 demta
1714 2772 2125 2864 stipatorem
2176 2760 2341 2866 per'·

341 2876 606 2959 cussit,
695 2874 1009 2945 vicissim
1092 2891 1135 2943 a
1214 2875 1558 2966 stipatore
1641 2869 2049 2942 securicula
2136 2877 2339 2944 ictus,

337 2971 523 3046 Post
588 2966 744 3044 haec
810 2972 930 3045 alii
978 2972 1160 3045 alios
1221 2972 1584 3059 involare,
1652 2975 1955 3066 quisque
2010 2972 2343 3066 quicquid

302 3072 645 3146 ’telorum
697 3067 788 3143 ad
840 3089 1111 3142 manum
1167 3080 1323 3143 erat
1370 3075 1750 3164 ingerere,
1779 3071 2105 3144 omnibus
2137 3076 2342 3145 nimio

340 3177 505 3246 vino
558 3171 1087 3243 insanientibus,
1187 3171 1304 3241 Ex
1355 3193 1492 3265 qua
1543 3170 1746 3242 turha
1797 3191 1996 3263 aegre
2050 3172 2345 3266 elapsus

337 3272 751 3345 Thorolvus
773 3269 1086 3365 Rympil,
1139 3271 1228 3341 ad
1282 3270 1650 3342 cohortem
1706 3290 1904 3341 suam
1959 3292 2045 3342 se
2098 3280 2344 3344 contu-

342 3373 458 3460 lit,
514 3374 739 3445 inflari
788 3372 1025 3444 tubam
1079 3369 1647 3465 speculatorum,
1717 3381 2345 3467 congregatosque

343 3471 844 3564 speculatores
897 3494 1087 3544 arma
1138 3493 1400 3566 capere
1420 3475 1656 3565 jussit.
1732 3470 2137 3565 Stipatores
2167 3494 2344 3569 quo·

344 3592 485 3665 que
543 3576 998 3663 congregati,
1064 3576 1313 3644 sumtis
1363 3577 1618 3659 armis,
1684 3576 1755 3643 in
1823 3594 2077 3645 navem
2145 3592 2348 3645 suam

347 3674 637 3764 egressi
688 3683 886 3759 sunt3
956 3672 1067 3745 his
1116 3673 1400 3766 praefuit
1450 3673 1721 3766 Asgeir
1767 3672 2348 3745 Hamarskallius.

342 3771 444 3843 Ut
494 3792 671 3842 vero
725 3792 975 3842 omnes
1024 3773 1524 3864 speculatores
1574 3773 2048 3860 advenerant,
2114 3773 2347 3845 Thor-

346 3871 563 3943 olvus
614 3867 939 3965 Rympil,
1009 3871 1251 3965 gladio
1300 3877 1390 3943 -in
1440 3887 1693 3944 navem
1747 3880 2113 3967 conjecto,
2185 3876 2350 3967 ipse

348 3971 711 4065 extemplo
763 3975 1137 4043 insecutus
1190 3982 1341 4059 est,
1410 3982 1853 4068 receptoque
1910 3973 2148 4064 gladio
2202 3980 2347 4044 sta-

343 4076 462 4143 tim
518 4073 851 4146 dimicare
915 4073 1144 4165 coepit.
1245 4070 1482 4164 Quem
1550 4076 1786 4144 secuti
1848 4073 2349 4166 speculatores

347 4191 505 4245 cum
555 4176 624 4244 in
675 4193 927 4246 navem
981 4175 1508 4263 excurrissent,
1574 4172 1974 4247 vehemens
2024 4171 2347 4269 praelium
