2950 4709
600 326 718 414 Μ
1041 349 1407 399 urs'ronm
1460 349 1684 398 που
1740 346 2176 400 svnannms.
2293 343 2366 409 c,
2396 341 2615 409 54-55,

597 553 929 629 precauS,
985 535 1104 625 qui
1156 552 1405 604 navem
1458 533 1705 625 viginti
1756 540 1831 602 et
1882 534 2191 625 quinque
2243 523 2614 604 interscal-

417 723 426 730 ἡ
530 695 536 700 .
600 637 893 705 miorum
958 634 1057 702 ita
1124 635 1195 702 in
1258 635 1486 703 aciem
1538 632 2022 725 produxisset.
2126 629 2262 703 Cui
2312 652 2614 725 respon-

601 733 783 804 dens
819 729 1269 823 GudlauguS,
1323 752 1475 803 rem
1527 733 1601 800 in
1652 751 1782 802 sua
1832 737 2192 825 potestate
2237 752 2387 804 ‚non
2440 752 2613 803 esse
2722 817 2729 823 ,

601 831 1038 904 causabatur.
1135 829 1311 902 Tum
1365 852 1503 902 rex
1551 851 1805 902 navem
1831 827 2261 923 ,Gudlaugi,
2323 843 2613 924 arrepto

599 932 745 1027 pilo
821 930 1170 1024 laterique
1242 952 1476 1025 prorae
1545 934 1875 1016 incusso,
1965 930 2376 1016 dimovenS,
2458 933 2611 1002 suis

598 1034 980 1127 praecepit,
1045 1042 1122 1101 ut
1190 1051 1342 1102 eam
1396 1039 1798 1103 antrorsum
1848 1031 2240 1101 secundum
2295 1028 2608 1102 Olavsu-

600 1129 760 1204 dam
810 1129 1325 1224 protraherent.
1436 1128 1548 1200 Illi
1617 1132 1728 1201 sic
1800 1129 2165 1215 fecerunt,
2230 1140 2445 1224 atque
2512 1133 2610 1202 ita

596 1251 823 1304 naves
863 1229 952 1300 ad
983 1233 1299 1301 anterius
1341 1232 1643 1301 sentinae
1683 1228 2234 1300 interscalmium
2264 1239 2609 1323 provecta

600 1340 746 1420 est3
817 1338 892 1400 et
941 1329 1151 1422 paulu
1202 1338 1368 1423 post
1417 1350 1627 1400 nemo
1682 1325 1837 1418 erat
1884 1330 1957 1397 in
2007 1349 2189 1400 nave
2242 1329 2611 1423 Gudlaugi

596 1440 758 1502 ante
809 1425 1067 1528 malum
1117 1431 1581 1515 constitutuS,
1650 1451 1741 1500 cu
1831 1448 1976 1498 non
2025 1432 2320 1520 sangvis
2372 1451 2607 1501 mana-

533 1533 538 1534 *
594 1539 756 1602 ret‘
845 1527 1005 1600 Hoc
1067 1528 1385 1623 praelium
1455 1538 1610 1601 erat
1672 1425 1882 1634 acle,
1954 1548 2346 1622 magnaque
2416 1530 2607 1602 edita

594 1640 900 1723 strages.
1014 1628 1387 1722 Audeorn
1438 1627 1967 1723 speculatorum
2034 1628 2422 1723 praefectus
2481 1652 2604 1702 na-

594 1752 757 1804 vem
827 1751 1025 1801 suam
1093 1728 1597 1822 speculatoriae
1662 1730 1862 1820 regis
1912 1728 2163 1820 Magni
2233 1730 2602 1823 applicuit3

597 1840 671 1900 et
721 1832 1009 1901 summis
1062 1828 1282 1920 vulgo
1325 1827 1655 1900 laudibus
1684 1826 2119 1899 celebratum
2162 1838 2296 1915 est,
2349 1843 2606 1923 quanta

591 1931 875 2022 utrique
939 1929 1231 2000 audacia
1280 1948 1432 1998 rem
1484 1929 1888 2019 gesserint,
1959 1948 2197 2021 neque
2266 1949 2352 2000 se
2406 1931 2601 2028 quis-

593 2048 799 2120 quam
865 2031 1056 2099 scire
1110 2048 1333 2120 posse
1401 2025 1881 2115 existimabat,
1957 2035 2122 2099 uter
2169 2035 2332 2100 utro
2384 2049 2601 2126 supe-

591 2128 741 2197 rior
794 2127 1253 2201 discessurus
1303 2125 1514 2200 foret.

1178 2224 1302 2297 De
1350 2224 1738 2300 Halvardo
1797 2225 2018 2299 Gala,

790 2323 908 2397 55.
1009 2323 1141 2397 Vir
1193 2336 1358 2398 erat,
1411 2330 1693 2398 nomine
1744 2326 2146 2400 Halvardus
2199 2324 2439 2415 Gaela,
2504 2348 2602 2398 ex

587 2418 773 2495 Vika
826 2426 1193 2514 oriunduS,
1244 2430 1417 2499 artis
1457 2425 1817 2521 jaculandi
1873 2429 2362 2521 peritissimus.
2464 2427 2601 2500 Hic

589 2522 732 2610 boc
794 2526 910 2596 die
979 2530 1307 2620 sagittam
1376 2530 1447 2597 in
1516 2549 1770 2599 navem
1820 2527 2074 2619 Magni
2139 2530 2338 2618 regis
2391 2530 2601 2615 misit,

504 2704 514 2720 ι
588 2645 725 2717 qua
775 2646 1026 2711 navem
1075 2625 1624 2723 supervolante,
1653 2669 1661 2679 ·
1689 2627 1983 2699 alteram
2047 2630 2118 2697 in
2168 2626 2393 2712 latuS,
2453 2636 2599 2699 ter-

584 2725 746 2796 tiam
797 2723 933 2794 sub
1002 2728 1309 2796 carinam
1380 2724 1634 2799 emisit.
1735 2724 1913 2798 Tum
1970 2726 2258 2798 militum
2308 2726 2597 2820 aliquisz

586 2822 980 2910 dexterius,
1032 2827 1273 2918 inquit,
1323 2822 1662 2919 bac-ipsa
1698 2835 1947 2897 aestate
1998 2828 2344 2897 destinata
2379 2826 2596 2898 ferie-

582 2920 736 3007 bas,
788 2924 1068 3015 quando
1124 2925 1215 2995 de
1267 2927 1570 3019 pecunia
1620 2924 2044 3012 certabatur,
2095 2935 2395 3019 argento
2430 2948 2596 3021 pro-

467 3033 474 3038 ’
581 3023 858 3116 posito,
925 3025 1044 3118 qui
1112 3026 1376 3117 optime
1437 3024 1793 3118 jaculatus
1853 3025 2151 3114 suisset3
2222 3048 2379 3097 nam
2450 3036 2597 3124 tum

582 3124 945 3218 praemium
998 3122 1387 3212 abstulisti,
1461 3135 1536 3196 et
1599 3127 1768 3220 quid
1809 3126 2168 3221 jaculandi
2219 3137 2373 3198 arte
2424 3148 2595 3221 pos·

580 3242 732 3307 ses,
784 3225 1200 3312 ostendisti3
1253 3224 1394 3297 boc
1446 3235 1678 3302 autem
1725 3235 2048 3321 tempore
2085 3230 2306 3319 major
2334 3246 2594 3298 neces-

579 3325 757 3393 sitas
834 3324 1199 3416 postulare
1265 3326 1590 3412 videtur,
1670 3336 1750 3398 ut
1818 3328 2165 3397 destinata
2229 3327 2452 3398 terias
2520 3336 2596 3399 et

581 3424 794 3499 vitam
880 3425 1081 3514 regis
1159 3422 1525 3496 defendas,
1646 3424 1781 3497 Cui
1846 3424 2287 3498 Halvardus:
2372 3425 2593 3497 tibine

577 3518 1015 3592 collineasse
1068 3521 1373 3592 videor?
1473 3522 1646 3594 Ille:
1717 3545 1926 3596 nemo
1991 3548 2178 3597 nunc
2229 3528 2411 3597 intra
2463 3546 2592 3598 no·

576 3627 792 3690 stram
859 3642 1112 3694 navem
1176 3628 1329 3707 est,
1413 3624 1534 3716 qui
1601 3644 1810 3718 aeque
1878 3646 1921 3696 a
1986 3645 2214 3720 scopo
2284 3625 2592 3698 aberret.

575 3715 756 3788 Tum
807 3717 1211 3793 Halvardus
1261 3729 1532 3793 sumtas
1584 3722 1966 3795 duodecim
2017 3728 2313 3818 sagittas
2364 3728 2434 3801 in
2469 3746 2591 3798 na-

575 3836 738 3887 vem
790 3823 993 3912 regis
1045 3820 1298 3915 Magni
1348 3843 1522 3894 arcu
1575 3826 1838 3910 emisit,
1884 3835 1966 3898 ,et
2016 3827 2350 3919 quamdiu
2390 3827 2591 3918 jacu-

575 3915 873 4005 labatur,
924 3920 1227 4014 singulis
1276 3921 1608 4014 singulos
1657 3922 1985 3996 homines
2022 3929 2407 4017 percussit,
2461 3924 2590 3996 do·

575 4037 713 4088 nec
763 4039 1015 4116 omnes
1052 4023 1352 4112 sagittas
1390 4024 1770 4095 emisisset.
1860 4022 2157 4116 *Quibus
2210 4024 2588 4096 duodecim

574 4120 985 4207 consumtis,
1040 4140 1278 4191 arcum
1330 4121 1498 4214 pedi
1548 4121 1944 4216 subjectum
2000 4123 2326 4216 diffregit.
2405 4121 2589 4196 Tum
