2950 4709
578 372 758 464 m
1018 363 1389 453 rusi-omn
1444 402 1669 449 nnots
1724 403 2165 455 svennmus.
2346 400 2415 464 c,
2444 397 2590 465 164.

577 585 775 658 velle
824 583 1192 671 videntur,
1244 594 1458 679 atque
1513 588 1882 673 convenit,
1933 608 2069 659 nos
2110 585 2589 661 ¹calamitatum

577 687 666 769 ab
720 707 811 758 eo
863 693 1319 777 acceptorum
1371 689 1804 773 meminisse,
1862 707 2050 757 nune
2103 692 2286 759 enirn
2340 711 2591 760 omnes

578 807 789 881 aequo
840 784 1007 856 loeo
1060 788 1549 872 consistimus»,
1606 807 1841 880 neque
1877 786 2088 858 nobis
2141 798 2277 875 est,
2332 791 2421 861 ad
2455 806 2590 862 eos

580 880 1099 981 oppugnandos
1168 886 1472 956 adversa
1552 904 1731 979 rupe
1799 886 2062 961 subire.
2181 886 2314 961 His
2382 890 2592 961 dietis

582 989 974 1057 exereitum
1026 984 1385 1060 adversus
1439 1004 1571 1055 eos
1624 990 2009 1075 convertit3
2061 986 2139 1058 fit
2187 1007 2355 1059 acre
2405 1010 2590 1084 prae-

579 1085 787 1172 lium,
868 1083 1060 1179 quod
1112 1084 1399 1157 solitum
1465 1096 1793 1156 eventum
1860 1086 2139 1174 habuit,
2205 1097 2284 1159 ut
2351 1088 2592 1160 coloni

578 1185 740 1257 loca
793 1186 1168 1278 superiora
1219 1205 1259 1253 a
1311 1184 1870 1277 septemtrionali
1923 1198 2121 1279 parte
2153 1189 2389 1280 oppidi
2419 1189 2592 1282 fuga

575 1289 927 1379 peterent.
1043 1280 1252 1373 Quos
1327 1281 1584 1353 Hakon
1666 1288 1868 1377 regis
1941 1285 2129 1357 filius
2196 1284 2591 1375 insecutuS,

578 1404 908 1478 magnum
961 1402 1053 1455 ex
1082 1386 1173 1454 iis
1201 1401 1565 1454 numerum
1602 1383 2098 1459 obtruncavitl.
2173 1385 2336 1457 Rex
2369 1387 2593 1460 Sver

580 1502 727 1571 rer,
779 1485 1149 1556 meridiem
1200 1501 1460 1555 versus
1511 1484 1704 1556 flexo
1758 1488 2034 1572 itinere,
2085 1508 2218 1580 per
2259 1492 2593 1581 angipor-

579 1594 702 1657 tus
759 1588 964 1679 juxta
1030 1583 1365 1657 tabernas
1431 1588 1740 1655 sutrinas
1807 1586 1900 1656 ad
1968 1587 2199 1657 aedem
2250 1586 2595 1662 Halvardi

583 1686 975 1775 contendit3
1047 1705 1139 1756 eo
1190 1683 1350 1777 ip'so
1402 1692 1725 1782 tempore
1774 1683 2147 1759 Lavardus
2197 1708 2283 1757 ae
2332 1691 2446 1759 sui
2499 1706 2595 1758 ex

582 1787 746 1856 aede
782 1789 1271 1857 excurrerunt.
1345 1782 1481 1854 Cui
1519 1805 1690 1854 rex·
1743 1795 1860 1856 tua
1911 1786 2258 1881 pleraque
2308 1790 2597 1880 incepta

585 1887 891 1957 eundem
941 1904 1233 1977 semper
1286 1887 1550 1954 exitum
1604 1884 1901 1975 babent3
1970 1890 2300 2007 exiguam
2370 1887 2463 1958 de
2496 1897 2594 1958 te

584 2005 786 2076 spem
855 1984 1025 2055 boni
1075 1985 1413 2078 principis
1462 1979 1896 2061 Birkibeinis
1965 1986 2180 2075 facis,
2246 1990 2317 2058 in
2380 2008 2596 2083 quem

585 2086 774 2159 dicta
821 2094 1058 2178 poetae
1112 2083 1495 2176 quadrent.

980 2180 1378 2253 Dissimilis
1432 2201 1579 2252 es

981 2274 1122 2355 tuis
1173 2281 1580 2374 majoribus,

979 2386 1240 2477 priscis
1289 2381 1459 2469 illis,

980 2480 1072 2555 ad
1122 2482 1342 2555 ardua
1390 2479 1707 2577 promtis.

582 2574 820 2653 Porro
870 2573 1368 2669 Birkibeinos,
1424 2585 1542 2676 qui
1591 2585 1663 2651 in
1713 2580 1874 2651 aede
1923 2575 2426 2669 versabantur,
2476 2580 2601 2656 his

583 2682 941 2754 allocutus
993 2691 1144 2754 est·
1194 2704 1330 2753 vos
1380 2684 1775 2775 priscorum
1825 2679 2109 2752 illorum
2137 2679 2595 2754 Birkibeino-

583 2805 740 2872 rum
793 2780 1179 2852 dissimiles
1233 2785 1445 2868 estIS,
1503 2784 1621 2875 qui
1672 2801 1787 2851 me
1840 2780 1932 2851 de
1984 2785 2378 2875 principatu
2429 2806 2596 2854 oum

583 2891 766 2973 rege
815 2880 1090 2972 Magno
1154 2878 1702 2954 contendentem
1770 2885 2002 2952 secuti
2067 2891 2269 2969 sunt3
2341 2882 2412 2952 hi
2475 2903 2595 2954 me

582 2980 1118 3073 haudquaquam
1147 2979 1480 3052 idoneum
1517 2980 2030 3067 existimabant,
2084 2985 2201 3074 qui
2232 2981 2376 3053 illis
2407 3005 2596 3075 prae-

584 3077 700 3153 liis
753 3084 1206 3167 interessem,
1257 3081 1451 3176 qnod
1487 3090 1719 3151 tamen
1755 3083 2293 3173 circumspectae
2330 3082 2598 3175 agendi

583 3182 839 3253 rationi
886 3180 1327 3269 tribuebant,
1397 3202 1559 3254 eum
1609 3200 1860 3253 omnes
1913 3179 2031 3252 alii
2099 3183 2404 3274 ignaviae
2467 3185 2598 3253 im-

587 3290 951 3377 putarent3
1003 3282 1137 3352 sed

849 3383 1055 3475 pauci
1104 3378 1377 3452 strenui
1428 3384 1617 3467 sunt,

855 3480 1139 3573 quando
1191 3477 1581 3550 debilitari²
1632 3475 1988 3572 incipiunt,

854 3580 918 3648 si
969 3581 1041 3647 in
1091 3576 1582 3650 adolescentia
1629 3581 1866 3672 ignavi
1918 3580 2200 3652 fuerint.

658 3737 711 3810 ¹)
752 3759 869 3797 cum
908 3759 1078 3799 autem
1115 3740 1348 3801 viderent
1380 3750 1544 3800 robur
1578 3749 1824 3802 exercitus
1860 3771 1968 3803 non
2004 3749 2234 3822 incoqui,
2271 3750 2328 3803 in
2350 3746 2467 3803 loco
2503 3764 2601 3803 stt·

585 3835 776 3909 periuri
798 3839 864 3891 ad
884 3835 1259 3915 Valkabergum
1297 3836 1682 3915 (Valabergnim
1713 3836 1785 3910 Β)
1822 3837 2060 3896 hostibus
2085 3839 2394 3907 restiterunt,
2430 3830 2607 3914 eoque

585 3931 702 3984 loco
739 3950 850 3985 acre
888 3933 1122 4004 prelium
1159 3935 1352 3987 sactum
1393 3950 1499 4001 est,
1554 3930 1684 3987 add·
1730 3929 1802 4000 Β,
1847 3933 1907 3986 F.
1979 3935 2029 3999 ²)
2067 3931 2325 4003 ltroerast]
2365 3932 2600 3994 hro'rnoe,

592 4015 643 4073 Β
678 4022 847 4095 (quod
894 4040 943 4079 et
988 4025 1208 4099 conjecit
1242 4013 1490 4091 Rakkius,
1536 4026 1673 4079 Edd-
1716 4026 1869 4082 Saem.
1905 4023 2128 4084 Holmiae
2168 4023 2341 4091 1818,
2390 4048 2445 4097 p·
2488 4017 2597 4078 187

587 4112 641 4167 in
699 4117 835 4169 notis
884 4121 947 4169 ad
1004 4120 1309 4172 cantilenam
1363 4116 1707 4184 Fasuismdl,
1771 4122 1911 4173 unde
1967 4121 2023 4173 hi
2084 4120 2317 4174 versiculi
2372 4113 2599 4173 desumti

589 4211 754 4274 tuntj3
792 4205 1043 4279 strepant,
1078 4211 1209 4264 cod.
1251 4212 1409 4264 chart.
1437 4211 1612 4266 Helm.
1659 4213 1734 4275 (in
1767 4215 1848 4267 ed.
1880 4213 2114 4281 Rasum
2152 4211 2429 4279 Ιιηεῑῒαεῠ,
2462 4210 2511 4262 F
2548 4222 2602 4265 et
