2950 4709
615 352 795 444 222
1033 377 1400 429 msa-omn
1456 374 1678 428 anais
1736 374 2173 452 aventinum.
2274 370 2348 436 c,
2373 370 2638 437 134435,

617 585 754 636 nos
806 566 1179 659 excepturi
1230 574 1430 655 sunt3
1475 567 1617 659 jam
1657 562 2041 657 diligenter
2072 565 2369 635 animum
2400 573 2631 637 atten-

620 665 801 750 dite,
855 686 1061 759 quam
1110 666 1567 759 oppugnandi
1615 668 1958 736 rationem
2010 665 2383 734 instituam.
2484 664 2631 734 Ha-

616 763 783 850 kon,
835 764 1025 836 filius
1074 786 1305 848 menS,
1358 787 1518 835 cum
1570 762 1812 836 classe
1866 766 2211 834 minorum
2271 762 2631 835 celocium

615 865 709 935 ad
786 863 992 936 litora
1062 864 1406 957 argillosa
1482 868 1663 935 intra
1746 862 2141 934 coenobium
2223 862 2630 935 monialium

616 972 1029 1058 penetrato,
1093 985 1185 1035 eo
1238 963 1404 1035 loco
1462 984 1812 1057 egressus
1862 966 1936 1032 in
1988 963 2323 1055 oppidum
2374 965 2629 1034 irrum-

616 1066 789 1157 pito,
845 1083 1142 1158 eosque,
1170 1066 1284 1157 qui
1315 1066 1387 1134 in
1414 1062 1748 1157 pontibus
1771 1070 1957 1149 sunt,
1986 1083 2024 1131 a
2052 1071 2263 1153 tergo
2292 1062 2631 1133 adoritor.

614 1159 955 1235 Praefecti
1008 1165 1170 1247 mei,
1220 1162 1631 1254 Gregorius
1679 1160 1916 1246 Jonis,
1967 1159 2328 1252 Sigurdus
2364 1162 2629 1232 Moda-

614 1262 1016 1346 stadensiS,
1068 1261 1374 1352 Eystein
1417 1260 1860 1352 Rognvaldi,
1913 1282 2067 1331 cum
2099 1260 2631 1347 MaeriensibuS,

616 1362 937 1455 appulsis
987 1362 1076 1432 ad
1128 1359 1366 1453 Eyras
1419 1382 1645 1454 prope
1697 1364 2177 1432 coemeterium
2235 1361 2415 1431 aedis
2466 1360 2629 1431 Ma-

613 1464 742 1532 riae
805 1461 1129 1547 navibus,
1201 1481 1291 1531 eo
1363 1461 1527 1532 loco
1595 1481 1727 1554 per
1792 1459 2096 1553 plateam
2171 1460 2627 1531 meridianam

617 1563 1100 1655 egrediuntor.
1224 1558 1503 1632 Omnes
1564 1560 1868 1653 -reliqnae
1937 1561 2163 1652 copiae
2232 1581 2391 1630 cum
2459 1580 2628 1629 meo

614 1662 886 1735 vexillo
942 1663 1032 1733 ad
1094 1670 1393 1755 ponteS,
1460 1660 1584 1732 ubi
1651 1659 1875 1730 robur
1935 1662 2301 1730 exercitus
2366 1659 2627 1731 adver-

614 1765 966 1836 sariorum
1018 1763 1430 1833 constitisse
1495 1770 1708 1854 puto,
1776 1757 2208 1852 appellunto.
2322 1758 2484 1829 Jam
2535 1759 2630 1828 ad

613 1883 844 1933 naves
897 1860 1442 1946 descendamus,
1495 1877 1865 1953 navesque
1918 1878 2051 1950 per
2087 1860 2425 1928 interiora
2458 1879 2627 1929 ver-

614 1982 744 2032 sus
797 1970 1043 2032 contra
1095 1980 1229 2030 eos
1279 1958 1779 2052 provehamns.
1858 1958 2045 2028 Mox
2072 1960 2278 2049 signo
2316 1956 2627 2033 classico

615 2060 780 2130 dato
830 2064 1236 2130 universam
1301 2058 1609 2130 classem
1674 2078 1939 2128 versus
2004 2059 2342 2127 interiora
2406 2060 2628 2128 remis

548 2238 555 2244 ,
611 2156 1116 2252 propulerunt,
1179 2157 1517 2243 navibus,
1588 2156 1801 2228 modo
1873 2177 2013 2250 quo
2084 2159 2630 2252 praescripserat

613 2278 788 2345 tert,
839 2261 911 2327 in
964 2259 1251 2329 diversa
1305 2259 1681 2330 distractis.

671 2355 1034 2430 Prcelc‘um
1083 2361 1277 2430 inter
1327 2356 1607 2454 Reqem
1658 2355 2093 2429 Sverrerem
2144 2365 2217 2428 et
2267 2354 2572 2451 Baqlos.

815 2457 983 2530 135.
1117 2457 1463 2530 Nicolaus
1561 2460 1949 2551 episcopus
2044 2458 2433 2528 orationem
2532 2456 2627 2527 ad

611 2556 887 2650 Baglos
939 2557 1218 2645 habuit,
1284 2561 1630 2630 rationem
1700 2559 1881 2627 aciei
1942 2556 2379 2627 instruendae
2438 2562 2624 2649 'prae-

610 2660 935 2751 scripsit,
989 2667 1063 2731 et
1111 2658 1300 2729 hunc
1349 2663 1420 2729 in
1471 2658 1755 2728 modum
1799 2656 2081 2727 locutus
2130 2666 2282 2728 est:
2370 2653 2625 2747 Sigur-

613 2757 750 2827 dus
803 2757 1125 2849 dynastae
1177 2756 1366 2829 filius
1396 2779 1557 2828 cum
1607 2778 1740 2828 sua
1767 2755 2092 2843 cohorte,
2119 2767 2193 2826 et
2219 2753 2625 2827 Halvardus
2715 2767 2728 2777 “

609 2854 1072 2952 Sastadensis
1124 2877 1281 2927 cum
1334 2855 1914 2949 Uplandensibus
1981 2858 2161 2927 intra
2224 2854 2626 2925 coenobium

608 2954 1014 3027 monialium
1064 2977 1204 3026 una
1257 2958 1413 3026 acie
1461 2958 1949 3041 consistunto,
2018 2964 2093 3026 et
2144 2955 2625 3040 custodiunto‚

608 3076 702 3125 ne
756 3076 843 3126 ea
886 3066 1085 3149 parte
1123 3057 1573 3127 adscendere
1604 3057 1910 3150 possint3
1963 3055 2086 3125 {ilii
2121 3074 2300 3126 vero
2332 3051 2625 3126 Onundi

606 3153 907 3227 Hlunnil
968 3166 1043 3228 et
1090 3156 1406 3229 Kolbein
1458 3155 1838 3236 Strinevus
1890 3177 2046 3227 cum
2093 3153 2449 3239 militibus,
2500 3156 2624 3247 qui

608 3265 900 3329 ceteros
952 3261 1373 3330 strenuitate
1425 3265 1788 3351 praestant,
1839 3257 1910 3324 in
1961 3255 2180 3346 Eyris
2231 3254 2320 3324 ad
2364 3265 2624 3347 pontes

609 3357 1126 3428 custodiendos
1188 3378 1275 3428 se
1348 3360 1778 3428 continento.
1869 3354 2038 3426 Non
2080 3363 2375 3448 quantas
2420 3362 2621 3446 puta-

604 3459 700 3527 tis
751 3455 915 3526 Rex
966 3454 1283 3526 Sverrer
1342 3459 1588 3547 copias
1655 3452 1905 3540 habet3
1993 3475 2219 3525 naves
2286 3451 2624 3525 militibus

609 3575 826 3649 parce
880 3563 1047 3625 sunt
1094 3558 1476 3638 instructae,
1534 3563 1611 3625 ut
1657 3551 1934 3644 singula
1962 3552 2625 3640 seminterscalmia,

604 3652 726 3724 ubi
806 3656 1142 3739 maxime,
1221 3650 1552 3745 singulos
1639 3650 1948 3724 habeant
2032 3664 2625 3747 propugnatores.

604 3751 866 3823 Nonne
918 3753 1179 3824 videtis
1230 3753 1823 3824 stromatodesma
1875 3752 1964 3824 ab
2008 3755 2099 3824 iis
2147 3757 2220 3824 in
2248 3752 2625 3825 interscal-

604 3854 766 3923 miis
832 3851 976 3924 alte
1046 3851 1452 3925 collocata?
1532 3851 1720 3925 Num
1789 3851 1949 3925 haec
2016 3874 2147 3946 pro
2219 3851 2624 3924 hominibus

606 3951 942 4024 habetis?
993 3950 1389 4032 Birkibeini
1418 3953 1603 4024 adeo
1653 3962 1818 4025 sunt
1850 3955 2235 4038 exsecrati,
2286 3962 2367 4026 ut
2408 3951 2625 4045 gladii

611 4071 856 4122 eorum
911 4051 1100 4123 hand
1158 4052 1368 4124 dubie
1423 4052 1660 4123 obtusi
1713 4056 1885 4137 sint,
1953 4055 2232 4145 ipsique
2286 4055 2623 4145 impetum

677 4181 729 4250 ¹)
767 4183 929 4257 Lyni,
971 4182 1036 4249 G,
1079 4185 1158 4247 ΒΞ
1193 4183 1351 4258 Syui,
1396 4181 1456 4235 F.
