<?xml version="1.0" encoding="UTF-8"?>
<!DOCTYPE html PUBLIC "-//W3C//DTD XHTML 1.0 Transitional//EN"
    "http://www.w3.org/TR/xhtml1/DTD/xhtml1-transitional.dtd">
<html xmlns="http://www.w3.org/1999/xhtml" xml:lang="en" lang="en">
 <head>
  <title>
</title>
<meta http-equiv="Content-Type" content="text/html;charset=utf-8" />
  <meta name='ocr-system' content='tesseract 3.04.00' />
  <meta name='ocr-capabilities' content='ocr_page ocr_carea ocr_par ocr_line ocrx_word'/>
</head>
<body>
  <div class='ocr_page' id='page_1' title='image "./scriptahistoric01unkngoog_0164.png"; bbox 0 0 2950 4709; ppageno 0'>
   <div class='ocr_carea' id='block_1_1' title="bbox 580 347 2580 466">
    <p class='ocr_par' dir='ltr' id='par_1_1' title="bbox 580 347 2580 466">
     <span class='ocr_line' id='line_1_1' title="bbox 580 347 2580 466; baseline 0.002 -37"><span class='ocrx_word' id='word_1_1' title='bbox 580 355 749 451; x_wconf 73' lang='lat'>150</span> <span class='ocrx_word' id='word_1_2' title='bbox 1007 381 1375 466; x_wconf 62' lang='lat' dir='ltr'>nuruum</span> <span class='ocrx_word' id='word_1_3' title='bbox 1398 347 1404 352; x_wconf 68' lang='grc'><strong><em>’</em></strong></span> <span class='ocrx_word' id='word_1_4' title='bbox 1428 380 1657 431; x_wconf 68' lang='lat' dir='ltr'>nnete</span> <span class='ocrx_word' id='word_1_5' title='bbox 1708 379 2145 431; x_wconf 63' lang='lat' dir='ltr'>evertamus.</span> <span class='ocrx_word' id='word_1_6' title='bbox 2371 376 2448 444; x_wconf 77' lang='grc' dir='ltr'>ο,</span> <span class='ocrx_word' id='word_1_7' title='bbox 2474 373 2580 445; x_wconf 74' lang='grc'>33.</span> 
     </span>
    </p>
   </div>
   <div class='ocr_carea' id='block_1_2' title="bbox 557 562 2592 1761">
    <p class='ocr_par' dir='ltr' id='par_1_2' title="bbox 557 562 2592 1761">
     <span class='ocr_line' id='line_1_2' title="bbox 578 562 2582 662; baseline -0.003 -20"><span class='ocrx_word' id='word_1_8' title='bbox 578 566 882 642; x_wconf 79' lang='lat' dir='ltr'>navibus</span> <span class='ocrx_word' id='word_1_9' title='bbox 913 605 918 610; x_wconf 87' lang='lat'><strong>·</strong></span> <span class='ocrx_word' id='word_1_10' title='bbox 949 587 1299 662; x_wconf 82' lang='lat' dir='ltr'>egressus</span> <span class='ocrx_word' id='word_1_11' title='bbox 1367 571 1561 654; x_wconf 81' lang='lat' dir='ltr'>erat,</span> <span class='ocrx_word' id='word_1_12' title='bbox 1623 568 2016 637; x_wconf 78' lang='lat' dir='ltr'>orationem</span> <span class='ocrx_word' id='word_1_13' title='bbox 2067 583 2325 652; x_wconf 83' lang='lat' dir='ltr'>orsus,</span> <span class='ocrx_word' id='word_1_14' title='bbox 2394 562 2582 636; x_wconf 84' lang='lat' dir='ltr'>hunc</span> 
     </span>
     <span class='ocr_line' id='line_1_3' title="bbox 578 660 2582 760; baseline -0.003 -21"><span class='ocrx_word' id='word_1_15' title='bbox 578 672 650 740; x_wconf 84' lang='lat' dir='ltr'>in</span> <span class='ocrx_word' id='word_1_16' title='bbox 699 666 982 742; x_wconf 82' lang='lat' dir='ltr'>modum</span> <span class='ocrx_word' id='word_1_17' title='bbox 1032 666 1257 739; x_wconf 83' lang='lat' dir='ltr'>verba</span> <span class='ocrx_word' id='word_1_18' title='bbox 1306 664 1517 741; x_wconf 78' lang='lat' dir='ltr'>fecit:</span> <span class='ocrx_word' id='word_1_19' title='bbox 1602 666 1795 760; x_wconf 81' lang='lat' dir='ltr'>quod</span> <span class='ocrx_word' id='word_1_20' title='bbox 1847 673 2092 751; x_wconf 77' lang='lat' dir='ltr'>antea,</span> <span class='ocrx_word' id='word_1_21' title='bbox 2158 660 2582 750; x_wconf 82' lang='lat' dir='ltr'>Birkibeiui,</span> 
     </span>
     <span class='ocr_line' id='line_1_4' title="bbox 578 767 2587 859; baseline -0.003 -18"><span class='ocrx_word' id='word_1_22' title='bbox 578 789 721 841; x_wconf 85' lang='lat' dir='ltr'>usu</span> <span class='ocrx_word' id='word_1_23' title='bbox 768 768 982 844; x_wconf 86' lang='lat' dir='ltr'>nohis</span> <span class='ocrx_word' id='word_1_24' title='bbox 1036 770 1269 853; x_wconf 88' lang='lat' dir='ltr'>veuit,</span> <span class='ocrx_word' id='word_1_25' title='bbox 1318 767 1511 838; x_wconf 80' lang='lat' dir='ltr'>idem</span> <span class='ocrx_word' id='word_1_26' title='bbox 1562 786 1748 837; x_wconf 85' lang='lat' dir='ltr'>nunc</span> <span class='ocrx_word' id='word_1_27' title='bbox 1801 785 2089 859; x_wconf 81' lang='lat' dir='ltr'>quoque</span> <span class='ocrx_word' id='word_1_28' title='bbox 2146 767 2458 850; x_wconf 84' lang='lat' dir='ltr'>eveniet,</span> <span class='ocrx_word' id='word_1_29' title='bbox 2504 772 2587 835; x_wconf 87' lang='lat' dir='ltr'>ut</span> 
     </span>
     <span class='ocr_line' id='line_1_5' title="bbox 579 862 2583 954; baseline -0.004 -12"><span class='ocrx_word' id='word_1_30' title='bbox 579 866 789 942; x_wconf 81' lang='lat' dir='ltr'>labor</span> <span class='ocrx_word' id='word_1_31' title='bbox 853 867 1040 941; x_wconf 82' lang='lat' dir='ltr'>haud</span> <span class='ocrx_word' id='word_1_32' title='bbox 1112 866 1327 939; x_wconf 85' lang='lat' dir='ltr'>dubie</span> <span class='ocrx_word' id='word_1_33' title='bbox 1393 887 1532 938; x_wconf 87' lang='lat' dir='ltr'>nos</span> <span class='ocrx_word' id='word_1_34' title='bbox 1583 874 1890 954; x_wconf 79' lang='lat' dir='ltr'>maneat3</span> <span class='ocrx_word' id='word_1_35' title='bbox 1963 885 2125 935; x_wconf 83' lang='lat' dir='ltr'>nam</span> <span class='ocrx_word' id='word_1_36' title='bbox 2177 864 2322 934; x_wconf 81' lang='lat' dir='ltr'>&#39;non</span> <span class='ocrx_word' id='word_1_37' title='bbox 2362 862 2583 935; x_wconf 74' lang='lat' dir='ltr'>dissi-</span> 
     </span>
     <span class='ocr_line' id='line_1_6' title="bbox 580 962 2583 1059; baseline -0.003 -18"><span class='ocrx_word' id='word_1_38' title='bbox 580 967 983 1041; x_wconf 80' lang='lat' dir='ltr'>mulandum</span> <span class='ocrx_word' id='word_1_39' title='bbox 1035 968 1385 1053; x_wconf 82' lang='lat' dir='ltr'>videtur,·</span> <span class='ocrx_word' id='word_1_40' title='bbox 1414 977 1666 1059; x_wconf 83' lang='lat' dir='ltr'>regem</span> <span class='ocrx_word' id='word_1_41' title='bbox 1716 965 2063 1057; x_wconf 81' lang='lat' dir='ltr'>Magnum</span> <span class='ocrx_word' id='word_1_42' title='bbox 2127 962 2332 1036; x_wconf 86' lang='lat' dir='ltr'>brevi</span> <span class='ocrx_word' id='word_1_43' title='bbox 2381 962 2583 1035; x_wconf 77' lang='lat' dir='ltr'>adsu-</span> 
     </span>
     <span class='ocr_line' id='line_1_7' title="bbox 580 1063 2583 1158; baseline -0.001 -18"><span class='ocrx_word' id='word_1_44' title='bbox 580 1076 835 1140; x_wconf 89' lang='lat' dir='ltr'>turum.</span> <span class='ocrx_word' id='word_1_45' title='bbox 936 1066 1202 1140; x_wconf 85' lang='lat' dir='ltr'>Notum</span> <span class='ocrx_word' id='word_1_46' title='bbox 1256 1078 1371 1138; x_wconf 88' lang='lat' dir='ltr'>est</span> <span class='ocrx_word' id='word_1_47' title='bbox 1420 1066 1748 1154; x_wconf 77' lang='lat' dir='ltr'>omnibus</span> <span class='ocrx_word' id='word_1_48' title='bbox 1796 1063 2028 1151; x_wconf 79' lang='lat' dir='ltr'>vohiS,</span> <span class='ocrx_word' id='word_1_49' title='bbox 2081 1085 2407 1158; x_wconf 85' lang='lat' dir='ltr'>magnum</span> <span class='ocrx_word' id='word_1_50' title='bbox 2455 1074 2583 1137; x_wconf 74' lang='lat' dir='ltr'>nu-</span> 
     </span>
     <span class='ocr_line' id='line_1_8' title="bbox 582 1163 2585 1250; baseline -0.003 -10"><span class='ocrx_word' id='word_1_51' title='bbox 582 1188 856 1240; x_wconf 84' lang='lat' dir='ltr'>merum</span> <span class='ocrx_word' id='word_1_52' title='bbox 905 1170 1135 1238; x_wconf 84' lang='lat' dir='ltr'><strong>nostri</strong></span> <span class='ocrx_word' id='word_1_53' title='bbox 1190 1170 1556 1237; x_wconf 86' lang='lat' dir='ltr'>exereitus</span> <span class='ocrx_word' id='word_1_54' title='bbox 1609 1166 2027 1250; x_wconf 86' lang='lat' dir='ltr'>discessise‚</span> <span class='ocrx_word' id='word_1_55' title='bbox 2078 1163 2260 1239; x_wconf 80' lang='lat' dir='ltr'>alios</span> <span class='ocrx_word' id='word_1_56' title='bbox 2300 1163 2585 1238; x_wconf 72' lang='lat' dir='ltr'>meridi-</span> 
     </span>
     <span class='ocr_line' id='line_1_9' title="bbox 588 1263 2591 1361; baseline 0.001 -23"><span class='ocrx_word' id='word_1_57' title='bbox 588 1281 702 1340; x_wconf 87' lang='lat' dir='ltr'>em</span> <span class='ocrx_word' id='word_1_58' title='bbox 761 1282 1026 1339; x_wconf 89' lang='lat' dir='ltr'>versus</span> <span class='ocrx_word' id='word_1_59' title='bbox 1084 1263 1409 1358; x_wconf 77' lang='lat' dir='ltr'>BergaS,</span> <span class='ocrx_word' id='word_1_60' title='bbox 1475 1265 1599 1337; x_wconf 83' lang='lat' dir='ltr'>uhi</span> <span class='ocrx_word' id='word_1_61' title='bbox 1665 1286 1808 1361; x_wconf 81' lang='lat' dir='ltr'>quo</span> <span class='ocrx_word' id='word_1_62' title='bbox 1875 1284 2231 1336; x_wconf 85' lang='lat' dir='ltr'>successu</span> <span class='ocrx_word' id='word_1_63' title='bbox 2298 1267 2591 1357; x_wconf 74' lang='lat' dir='ltr'>negotia</span> 
     </span>
     <span class='ocr_line' id='line_1_10' title="bbox 587 1362 2589 1461; baseline -0.002 -23"><span class='ocrx_word' id='word_1_64' title='bbox 587 1388 722 1438; x_wconf 82' lang='lat' dir='ltr'>sun</span> <span class='ocrx_word' id='word_1_65' title='bbox 770 1365 906 1437; x_wconf 80' lang='lat' dir='ltr'>hac</span> <span class='ocrx_word' id='word_1_66' title='bbox 948 1367 1110 1437; x_wconf 86' lang='lat' dir='ltr'>vice</span> <span class='ocrx_word' id='word_1_67' title='bbox 1144 1368 1584 1461; x_wconf 78' lang='lat' dir='ltr'>peregerint,</span> <span class='ocrx_word' id='word_1_68' title='bbox 1637 1386 1868 1461; x_wconf 76' lang='lat' dir='ltr'>penes</span> <span class='ocrx_word' id='word_1_69' title='bbox 1899 1363 2136 1441; x_wconf 86' lang='lat' dir='ltr'>Deum</span> <span class='ocrx_word' id='word_1_70' title='bbox 2168 1374 2354 1451; x_wconf 83' lang='lat' dir='ltr'>esto,</span> <span class='ocrx_word' id='word_1_71' title='bbox 2405 1362 2589 1435; x_wconf 78' lang='lat' dir='ltr'>elios</span> 
     </span>
     <span class='ocr_line' id='line_1_11' title="bbox 589 1464 2592 1561; baseline -0.002 -24"><span class='ocrx_word' id='word_1_72' title='bbox 589 1469 884 1560; x_wconf 80' lang='lat' dir='ltr'>emporii</span> <span class='ocrx_word' id='word_1_73' title='bbox 933 1467 1397 1556; x_wconf 72' lang='lat' dir='ltr'>inflammandi</span> <span class='ocrx_word' id='word_1_74' title='bbox 1446 1487 1665 1538; x_wconf 79' lang='lat' dir='ltr'>causa</span> <span class='ocrx_word' id='word_1_75' title='bbox 1702 1464 2096 1561; x_wconf 77' lang='lat' dir='ltr'>profectoS,</span> <span class='ocrx_word' id='word_1_76' title='bbox 2148 1486 2310 1559; x_wconf 82' lang='lat' dir='ltr'>quae</span> <span class='ocrx_word' id='word_1_77' title='bbox 2343 1483 2592 1537; x_wconf 80' lang='lat' dir='ltr'>manus</span> 
     </span>
     <span class='ocr_line' id='line_1_12' title="bbox 557 1562 2590 1662; baseline -0.001 -24"><span class='ocrx_word' id='word_1_78' title='bbox 557 1566 762 1656; x_wconf 48' lang='lat' dir='ltr'>xnulli</span> <span class='ocrx_word' id='word_1_79' title='bbox 813 1564 1025 1640; x_wconf 84' lang='lat' dir='ltr'>nobis</span> <span class='ocrx_word' id='word_1_80' title='bbox 1075 1572 1242 1641; x_wconf 89' lang='lat' dir='ltr'>usui</span> <span class='ocrx_word' id='word_1_81' title='bbox 1297 1588 1475 1639; x_wconf 90' lang='lat' dir='ltr'>esse</span> <span class='ocrx_word' id='word_1_82' title='bbox 1526 1576 1787 1662; x_wconf 82' lang='lat' dir='ltr'>potest.</span> <span class='ocrx_word' id='word_1_83' title='bbox 1891 1562 2178 1656; x_wconf 81' lang='lat' dir='ltr'><strong>Quodsi</strong></span> <span class='ocrx_word' id='word_1_84' title='bbox 2226 1563 2371 1638; x_wconf 86' lang='lat' dir='ltr'>hoc</span> <span class='ocrx_word' id='word_1_85' title='bbox 2419 1563 2590 1636; x_wconf 76' lang='lat' dir='ltr'>loco</span> 
     </span>
     <span class='ocr_line' id='line_1_13' title="bbox 588 1665 2589 1761; baseline -0.002 -22"><span class='ocrx_word' id='word_1_86' title='bbox 588 1668 969 1740; x_wconf 74' lang='lat' dir='ltr'>adveutum</span> <span class='ocrx_word' id='word_1_87' title='bbox 1019 1671 1219 1760; x_wconf 86' lang='lat' dir='ltr'>regis</span> <span class='ocrx_word' id='word_1_88' title='bbox 1270 1669 1521 1760; x_wconf 83' lang='lat' dir='ltr'><strong>Magni</strong></span> <span class='ocrx_word' id='word_1_89' title='bbox 1566 1673 2093 1761; x_wconf 78' lang='lat' dir='ltr'>exspectamus,</span> <span class='ocrx_word' id='word_1_90' title='bbox 2142 1668 2309 1751; x_wconf 77' lang='lat' dir='ltr'>etsi,</span> <span class='ocrx_word' id='word_1_91' title='bbox 2359 1665 2589 1759; x_wconf 84' lang='lat' dir='ltr'>quoti·-</span> 
     </span>
    </p>
   </div>
   <div class='ocr_carea' id='block_1_3' title="bbox 592 1765 2719 1862">
    <p class='ocr_par' dir='ltr' id='par_1_3' title="bbox 592 1765 2719 1862">
     <span class='ocr_line' id='line_1_14' title="bbox 592 1765 2719 1862; baseline -0.005 -23"><span class='ocrx_word' id='word_1_92' title='bbox 592 1787 959 1862; x_wconf 85' lang='lat' dir='ltr'>escunque</span> <span class='ocrx_word' id='word_1_93' title='bbox 1011 1789 1283 1843; x_wconf 81' lang='lat' dir='ltr'>manum</span> <span class='ocrx_word' id='word_1_94' title='bbox 1336 1765 1859 1852; x_wconf 67' lang='lat' dir='ltr'>conseramus,</span> <span class='ocrx_word' id='word_1_95' title='bbox 1910 1786 2069 1840; x_wconf 85' lang='lat' dir='ltr'>cum</span> <span class='ocrx_word' id='word_1_96' title='bbox 2110 1785 2417 1861; x_wconf 39' lang='lat' dir='ltr'>‚numero</span> <span class='ocrx_word' id='word_1_97' title='bbox 2464 1784 2589 1840; x_wconf 72' lang='lat' dir='ltr'>im-</span> <span class='ocrx_word' id='word_1_98' title='bbox 2710 1822 2719 1828; x_wconf 81' lang='grc'><strong>.</strong></span> 
     </span>
    </p>
   </div>
   <div class='ocr_carea' id='block_1_4' title="bbox 588 1862 2629 4274">
    <p class='ocr_par' dir='ltr' id='par_1_4' title="bbox 588 1862 2629 4274">
     <span class='ocr_line' id='line_1_15' title="bbox 588 1862 2591 1961; baseline -0.002 -23"><span class='ocrx_word' id='word_1_99' title='bbox 588 1871 743 1961; x_wconf 81' lang='lat' dir='ltr'>pari</span> <span class='ocrx_word' id='word_1_100' title='bbox 809 1887 1102 1961; x_wconf 83' lang='lat' dir='ltr'>semper</span> <span class='ocrx_word' id='word_1_101' title='bbox 1179 1872 1559 1961; x_wconf 77' lang='lat' dir='ltr'>congressi</span> <span class='ocrx_word' id='word_1_102' title='bbox 1633 1867 2055 1954; x_wconf 67' lang='lat' dir='ltr'>fuerimus„</span> <span class='ocrx_word' id='word_1_103' title='bbox 2098 1873 2333 1940; x_wconf 82' lang='lat' dir='ltr'>tamen</span> <span class='ocrx_word' id='word_1_104' title='bbox 2401 1862 2591 1936; x_wconf 82' lang='lat' dir='ltr'>haud</span> 
     </span>
     <span class='ocr_line' id='line_1_16' title="bbox 594 1964 2592 2062; baseline 0.002 -25"><span class='ocrx_word' id='word_1_105' title='bbox 594 1964 878 2040; x_wconf 82' lang='lat' dir='ltr'>dubium</span> <span class='ocrx_word' id='word_1_106' title='bbox 931 1988 1102 2040; x_wconf 89' lang='lat' dir='ltr'>esse</span> <span class='ocrx_word' id='word_1_107' title='bbox 1153 1976 1349 2062; x_wconf 85' lang='lat' dir='ltr'>puto,</span> <span class='ocrx_word' id='word_1_108' title='bbox 1398 1990 1535 2039; x_wconf 88' lang='lat' dir='ltr'>nos</span> <span class='ocrx_word' id='word_1_109' title='bbox 1585 1977 1793 2039; x_wconf 82' lang='lat' dir='ltr'>antea</span> <span class='ocrx_word' id='word_1_110' title='bbox 1842 1988 2190 2059; x_wconf 78' lang='lat' dir='ltr'>nunquam</span> <span class='ocrx_word' id='word_1_111' title='bbox 2243 1987 2404 2038; x_wconf 87' lang='lat' dir='ltr'>cum</span> <span class='ocrx_word' id='word_1_112' title='bbox 2452 1974 2592 2041; x_wconf 71' lang='lat' dir='ltr'>tam</span> 
     </span>
     <span class='ocr_line' id='line_1_17' title="bbox 588 2065 2592 2162; baseline -0.001 -24"><span class='ocrx_word' id='word_1_113' title='bbox 588 2069 873 2161; x_wconf 82' lang='lat' dir='ltr'>impari,</span> <span class='ocrx_word' id='word_1_114' title='bbox 941 2088 1147 2162; x_wconf 79' lang='lat' dir='ltr'>quam</span> <span class='ocrx_word' id='word_1_115' title='bbox 1196 2090 1417 2155; x_wconf 83' lang='lat' dir='ltr'>nunc,</span> <span class='ocrx_word' id='word_1_116' title='bbox 1495 2066 1803 2143; x_wconf 80' lang='lat' dir='ltr'>hostium</span> <span class='ocrx_word' id='word_1_117' title='bbox 1866 2065 2309 2141; x_wconf 85' lang='lat' dir='ltr'>multitudine</span> <span class='ocrx_word' id='word_1_118' title='bbox 2362 2074 2592 2138; x_wconf 76' lang='lat' dir='ltr'>certa-</span> 
     </span>
     <span class='ocr_line' id='line_1_18' title="bbox 591 2164 2594 2257; baseline -0.002 -17"><span class='ocrx_word' id='word_1_119' title='bbox 591 2169 812 2240; x_wconf 81' lang='lat' dir='ltr'>visse.</span> <span class='ocrx_word' id='word_1_120' title='bbox 944 2164 1174 2257; x_wconf 81' lang='lat' dir='ltr'>Quam</span> <span class='ocrx_word' id='word_1_121' title='bbox 1242 2167 1337 2239; x_wconf 83' lang='lat' dir='ltr'>ob</span> <span class='ocrx_word' id='word_1_122' title='bbox 1405 2188 1559 2239; x_wconf 85' lang='lat' dir='ltr'>rem</span> <span class='ocrx_word' id='word_1_123' title='bbox 1642 2166 2174 2239; x_wconf 79' lang='lat' dir='ltr'>deliberandum</span> <span class='ocrx_word' id='word_1_124' title='bbox 2240 2169 2594 2252; x_wconf 81' lang='lat' dir='ltr'>existimo,</span> 
     </span>
     <span class='ocr_line' id='line_1_19' title="bbox 592 2265 2594 2363; baseline -0.001 -25"><span class='ocrx_word' id='word_1_125' title='bbox 592 2275 825 2339; x_wconf 88' lang='lat' dir='ltr'>utrum</span> <span class='ocrx_word' id='word_1_126' title='bbox 890 2288 1050 2340; x_wconf 85' lang='lat' dir='ltr'>cum</span> <span class='ocrx_word' id='word_1_127' title='bbox 1120 2271 1482 2356; x_wconf 80' lang='lat' dir='ltr'>exercitu,</span> <span class='ocrx_word' id='word_1_128' title='bbox 1549 2289 1759 2363; x_wconf 83' lang='lat' dir='ltr'>quem</span> <span class='ocrx_word' id='word_1_129' title='bbox 1813 2268 2196 2354; x_wconf 82' lang='lat' dir='ltr'>habemus,</span> <span class='ocrx_word' id='word_1_130' title='bbox 2263 2265 2594 2337; x_wconf 75' lang='lat' dir='ltr'>hostibus</span> 
     </span>
     <span class='ocr_line' id='line_1_20' title="bbox 592 2368 2593 2459; baseline -0.001 -21"><span class='ocrx_word' id='word_1_131' title='bbox 592 2368 1097 2456; x_wconf 85' lang='lat' dir='ltr'>resistendum,</span> <span class='ocrx_word' id='word_1_132' title='bbox 1152 2391 1240 2446; x_wconf 78' lang='lat' dir='ltr'>an</span> <span class='ocrx_word' id='word_1_133' title='bbox 1291 2368 1590 2441; x_wconf 80' lang='lat' dir='ltr'>navibus</span> <span class='ocrx_word' id='word_1_134' title='bbox 1640 2368 1918 2451; x_wconf 80' lang='lat' dir='ltr'>relictis</span> <span class='ocrx_word' id='word_1_135' title='bbox 1967 2371 2037 2440; x_wconf 90' lang='lat' dir='ltr'>in</span> <span class='ocrx_word' id='word_1_136' title='bbox 2089 2377 2349 2444; x_wconf 79' lang='lat' dir='ltr'>terram</span> <span class='ocrx_word' id='word_1_137' title='bbox 2383 2385 2593 2459; x_wconf 84' lang='lat' dir='ltr'>egre·-</span> 
     </span>
     <span class='ocr_line' id='line_1_21' title="bbox 596 2465 2596 2547; baseline 0 -6"><span class='ocrx_word' id='word_1_138' title='bbox 596 2467 927 2544; x_wconf 78' lang='lat' dir='ltr'>diendum</span> <span class='ocrx_word' id='word_1_139' title='bbox 1008 2472 1389 2542; x_wconf 77' lang='lat' dir='ltr'>censeatis.</span> <span class='ocrx_word' id='word_1_140' title='bbox 1508 2468 1662 2541; x_wconf 85' lang='lat' dir='ltr'>Sed</span> <span class='ocrx_word' id='word_1_141' title='bbox 1733 2492 1894 2547; x_wconf 83' lang='lat' dir='ltr'>cum</span> <span class='ocrx_word' id='word_1_142' title='bbox 1975 2470 2240 2540; x_wconf 87' lang='lat' dir='ltr'>nemini</span> <span class='ocrx_word' id='word_1_143' title='bbox 2308 2465 2596 2541; x_wconf 83' lang='lat' dir='ltr'>dubium</span> 
     </span>
     <span class='ocr_line' id='line_1_22' title="bbox 597 2553 2611 2664; baseline -0.001 -24"><span class='ocrx_word' id='word_1_144' title='bbox 597 2587 769 2642; x_wconf 84' lang='lat' dir='ltr'>esse</span> <span class='ocrx_word' id='word_1_145' title='bbox 821 2573 1075 2664; x_wconf 80' lang='lat' dir='ltr'>possit,</span> <span class='ocrx_word' id='word_1_146' title='bbox 1127 2553 1263 2642; x_wconf 78' lang='lat' dir='ltr'>nos</span> <span class='ocrx_word' id='word_1_147' title='bbox 1313 2568 1587 2642; x_wconf 83' lang='lat' dir='ltr'>incolas</span> <span class='ocrx_word' id='word_1_148' title='bbox 1637 2569 1891 2663; x_wconf 84' lang='lat' dir='ltr'>Segnii</span> <span class='ocrx_word' id='word_1_149' title='bbox 1940 2566 2131 2641; x_wconf 81' lang='lat' dir='ltr'>haud</span> <span class='ocrx_word' id='word_1_150' title='bbox 2181 2570 2405 2642; x_wconf 77' lang='lat' dir='ltr'>amice</span> <span class='ocrx_word' id='word_1_151' title='bbox 2453 2571 2611 2638; x_wconf 80' lang='lat' dir='ltr'>trn-&#39;</span> 
     </span>
     <span class='ocr_line' id='line_1_23' title="bbox 597 2669 2598 2765; baseline 0.002 -27"><span class='ocrx_word' id='word_1_152' title='bbox 597 2679 882 2754; x_wconf 69' lang='lat' dir='ltr'>masse,</span> <span class='ocrx_word' id='word_1_153' title='bbox 950 2669 1119 2742; x_wconf 85' lang='lat' dir='ltr'>mihi</span> <span class='ocrx_word' id='word_1_154' title='bbox 1190 2692 1278 2742; x_wconf 77' lang='lat' dir='ltr'>ea</span> <span class='ocrx_word' id='word_1_155' title='bbox 1330 2670 1643 2741; x_wconf 87' lang='lat' dir='ltr'>conditio</span> <span class='ocrx_word' id='word_1_156' title='bbox 1697 2675 2080 2765; x_wconf 79' lang='lat' dir='ltr'>perspicua</span> <span class='ocrx_word' id='word_1_157' title='bbox 2128 2677 2278 2754; x_wconf 85' lang='lat' dir='ltr'>est,</span> <span class='ocrx_word' id='word_1_158' title='bbox 2342 2687 2598 2760; x_wconf 83' lang='lat' dir='ltr'>regem</span> 
     </span>
     <span class='ocr_line' id='line_1_24' title="bbox 595 2767 2598 2871; baseline -0 -32"><span class='ocrx_word' id='word_1_159' title='bbox 595 2768 941 2859; x_wconf 79' lang='lat' dir='ltr'>Magnum</span> <span class='ocrx_word' id='word_1_160' title='bbox 993 2790 1168 2855; x_wconf 77' lang='lat' dir='ltr'>noS‚</span> <span class='ocrx_word' id='word_1_161' title='bbox 1236 2783 1696 2871; x_wconf 82' lang='lat' dir='ltr'>quascunque</span> <span class='ocrx_word' id='word_1_162' title='bbox 1763 2773 1836 2840; x_wconf 87' lang='lat' dir='ltr'>in</span> <span class='ocrx_word' id='word_1_163' title='bbox 1901 2778 2146 2865; x_wconf 79' lang='lat' dir='ltr'>partes</span> <span class='ocrx_word' id='word_1_164' title='bbox 2197 2770 2337 2841; x_wconf 82' lang='lat' dir='ltr'>iter</span> <span class='ocrx_word' id='word_1_165' title='bbox 2383 2767 2598 2842; x_wconf 80' lang='lat' dir='ltr'>facia-</span> 
     </span>
     <span class='ocr_line' id='line_1_25' title="bbox 596 2866 2598 2965; baseline 0 -28"><span class='ocrx_word' id='word_1_166' title='bbox 596 2889 781 2955; x_wconf 82' lang='lat' dir='ltr'>muS‚</span> <span class='ocrx_word' id='word_1_167' title='bbox 831 2888 991 2939; x_wconf 89' lang='lat' dir='ltr'>cum</span> <span class='ocrx_word' id='word_1_168' title='bbox 1042 2871 1271 2963; x_wconf 87' lang='lat' dir='ltr'>copiis</span> <span class='ocrx_word' id='word_1_169' title='bbox 1319 2871 1478 2940; x_wconf 89' lang='lat' dir='ltr'>suis</span> <span class='ocrx_word' id='word_1_170' title='bbox 1530 2868 1998 2965; x_wconf 87' lang='lat' dir='ltr'>omnibusque</span> <span class='ocrx_word' id='word_1_171' title='bbox 2038 2866 2318 2942; x_wconf 85' lang='lat' dir='ltr'>colonis</span> <span class='ocrx_word' id='word_1_172' title='bbox 2346 2888 2598 2961; x_wconf 83' lang='lat' dir='ltr'>perse-</span> 
     </span>
     <span class='ocr_line' id='line_1_26' title="bbox 597 2965 2599 3063; baseline 0 -25"><span class='ocrx_word' id='word_1_173' title='bbox 597 2976 936 3047; x_wconf 84' lang='lat' dir='ltr'>cuturum.</span> <span class='ocrx_word' id='word_1_174' title='bbox 1037 2968 1298 3063; x_wconf 85' lang='lat' dir='ltr'>Neque</span> <span class='ocrx_word' id='word_1_175' title='bbox 1351 2968 1788 3043; x_wconf 83' lang='lat' dir='ltr'>diffitendum</span> <span class='ocrx_word' id='word_1_176' title='bbox 1844 2980 1993 3056; x_wconf 85' lang='lat' dir='ltr'>est,</span> <span class='ocrx_word' id='word_1_177' title='bbox 2069 2970 2280 3041; x_wconf 79' lang='lat' dir='ltr'>tantis</span> <span class='ocrx_word' id='word_1_178' title='bbox 2327 2989 2447 3039; x_wconf 89' lang='lat' dir='ltr'>me</span> <span class='ocrx_word' id='word_1_179' title='bbox 2498 2965 2599 3038; x_wconf 81' lang='lat' dir='ltr'>la·-</span> 
     </span>
     <span class='ocr_line' id='line_1_27' title="bbox 595 3065 2602 3168; baseline -0 -30"><span class='ocrx_word' id='word_1_180' title='bbox 595 3065 894 3148; x_wconf 79' lang='lat' dir='ltr'>horihus</span> <span class='ocrx_word' id='word_1_181' title='bbox 948 3078 1022 3144; x_wconf 80' lang='lat' dir='ltr'>ot</span> <span class='ocrx_word' id='word_1_182' title='bbox 1055 3068 1602 3156; x_wconf 76' lang='lat' dir='ltr'>difficultatibus,</span> <span class='ocrx_word' id='word_1_183' title='bbox 1655 3080 2027 3168; x_wconf 79' lang='lat' dir='ltr'>autequam</span> <span class='ocrx_word' id='word_1_184' title='bbox 2062 3069 2267 3142; x_wconf 86' lang='lat' dir='ltr'>hisee</span> <span class='ocrx_word' id='word_1_185' title='bbox 2303 3066 2602 3142; x_wconf 79' lang='lat' dir='ltr'>navibus</span> 
     </span>
     <span class='ocr_line' id='line_1_28' title="bbox 598 3168 2600 3261; baseline 0 -22"><span class='ocrx_word' id='word_1_186' title='bbox 598 3171 865 3261; x_wconf 84' lang='lat' dir='ltr'>potitus</span> <span class='ocrx_word' id='word_1_187' title='bbox 893 3189 1076 3255; x_wconf 89' lang='lat' dir='ltr'>sum,</span> <span class='ocrx_word' id='word_1_188' title='bbox 1128 3173 1680 3247; x_wconf 85' lang='lat' dir='ltr'>circumventum</span> <span class='ocrx_word' id='word_1_189' title='bbox 1730 3169 1983 3258; x_wconf 81' lang='lat' dir='ltr'>fuisse,</span> <span class='ocrx_word' id='word_1_190' title='bbox 2034 3180 2114 3243; x_wconf 90' lang='lat' dir='ltr'>ut</span> <span class='ocrx_word' id='word_1_191' title='bbox 2141 3189 2256 3238; x_wconf 86' lang='lat' dir='ltr'>me</span> <span class='ocrx_word' id='word_1_192' title='bbox 2289 3168 2600 3253; x_wconf 79' lang='lat' dir='ltr'>credam,</span> 
     </span>
     <span class='ocr_line' id='line_1_29' title="bbox 597 3269 2629 3364; baseline 0.002 -24"><span class='ocrx_word' id='word_1_193' title='bbox 597 3269 853 3347; x_wconf 81' lang='lat' dir='ltr'>iisdem</span> <span class='ocrx_word' id='word_1_194' title='bbox 905 3291 1093 3346; x_wconf 82' lang='lat' dir='ltr'>nunc</span> <span class='ocrx_word' id='word_1_195' title='bbox 1143 3274 1468 3356; x_wconf 77' lang='lat' dir='ltr'>amissis,</span> <span class='ocrx_word' id='word_1_196' title='bbox 1522 3270 1710 3347; x_wconf 81' lang='lat' dir='ltr'>haud</span> <span class='ocrx_word' id='word_1_197' title='bbox 1761 3269 2063 3364; x_wconf 80' lang='lat' dir='ltr'>amplius</span> <span class='ocrx_word' id='word_1_198' title='bbox 2114 3269 2204 3344; x_wconf 78' lang='lat' dir='ltr'>ad</span> <span class='ocrx_word' id='word_1_199' title='bbox 2256 3288 2481 3341; x_wconf 77' lang='lat' dir='ltr'>naves</span> <span class='ocrx_word' id='word_1_200' title='bbox 2530 3269 2629 3344; x_wconf 74' lang='lat' dir='ltr'>iu&#39;</span> 
     </span>
     <span class='ocr_line' id='line_1_30' title="bbox 594 3366 2604 3465; baseline -0.001 -25"><span class='ocrx_word' id='word_1_201' title='bbox 594 3368 970 3461; x_wconf 73' lang='lat' dir='ltr'>Norvegia</span> <span class='ocrx_word' id='word_1_202' title='bbox 1019 3370 1574 3462; x_wconf 82' lang='lat' dir='ltr'>confugiturum,</span> <span class='ocrx_word' id='word_1_203' title='bbox 1623 3378 1698 3440; x_wconf 89' lang='lat' dir='ltr'>et</span> <span class='ocrx_word' id='word_1_204' title='bbox 1749 3375 2043 3465; x_wconf 84' lang='lat' dir='ltr'>cuique,</span> <span class='ocrx_word' id='word_1_205' title='bbox 2118 3377 2198 3442; x_wconf 88' lang='lat' dir='ltr'>ut</span> <span class='ocrx_word' id='word_1_206' title='bbox 2248 3370 2408 3464; x_wconf 80' lang='lat' dir='ltr'>ipse</span> <span class='ocrx_word' id='word_1_207' title='bbox 2465 3366 2604 3439; x_wconf 82' lang='lat' dir='ltr'>sihi</span> 
     </span>
     <span class='ocr_line' id='line_1_31' title="bbox 601 3466 2605 3561; baseline 0.001 -25"><span class='ocrx_word' id='word_1_208' title='bbox 601 3466 961 3554; x_wconf 75' lang='lat' dir='ltr'>consulat,</span> <span class='ocrx_word' id='word_1_209' title='bbox 1026 3473 1376 3542; x_wconf 81' lang='lat' dir='ltr'>necesse</span> <span class='ocrx_word' id='word_1_210' title='bbox 1414 3468 1744 3549; x_wconf 78' lang='lat' dir='ltr'>futurum.</span> <span class='ocrx_word' id='word_1_211' title='bbox 1845 3468 2145 3545; x_wconf 81' lang='lat' dir='ltr'>Verum.</span> <span class='ocrx_word' id='word_1_212' title='bbox 2179 3488 2420 3561; x_wconf 82' lang='lat' dir='ltr'>neque</span> <span class='ocrx_word' id='word_1_213' title='bbox 2468 3488 2605 3539; x_wconf 79' lang='lat' dir='ltr'>vos</span> 
     </span>
     <span class='ocr_line' id='line_1_32' title="bbox 600 3565 2605 3647; baseline 0 -10"><span class='ocrx_word' id='word_1_214' title='bbox 600 3588 763 3645; x_wconf 81' lang='lat' dir='ltr'>men</span> <span class='ocrx_word' id='word_1_215' title='bbox 820 3565 1052 3638; x_wconf 86' lang='lat' dir='ltr'>solius</span> <span class='ocrx_word' id='word_1_216' title='bbox 1104 3566 1393 3642; x_wconf 77' lang='lat' dir='ltr'>arbitrio</span> <span class='ocrx_word' id='word_1_217' title='bbox 1426 3571 1499 3643; x_wconf 81' lang='lat' dir='ltr'>in</span> <span class='ocrx_word' id='word_1_218' title='bbox 1529 3576 1791 3646; x_wconf 82' lang='lat' dir='ltr'>tantum</span> <span class='ocrx_word' id='word_1_219' title='bbox 1824 3571 2207 3647; x_wconf 81' lang='lat' dir='ltr'>discrimen</span> <span class='ocrx_word' id='word_1_220' title='bbox 2238 3565 2605 3646; x_wconf 73' lang='lat' dir='ltr'>adducere</span> 
     </span>
     <span class='ocr_line' id='line_1_33' title="bbox 600 3664 2603 3763; baseline -0.001 -24"><span class='ocrx_word' id='word_1_221' title='bbox 600 3664 812 3752; x_wconf 82' lang='lat' dir='ltr'>volo,</span> <span class='ocrx_word' id='word_1_222' title='bbox 890 3668 953 3744; x_wconf 81' lang='lat' dir='ltr'>si</span> <span class='ocrx_word' id='word_1_223' title='bbox 1019 3666 1142 3744; x_wconf 82' lang='lat' dir='ltr'>tali</span> <span class='ocrx_word' id='word_1_224' title='bbox 1201 3669 1474 3743; x_wconf 75' lang='lat' dir='ltr'>ratione</span> <span class='ocrx_word' id='word_1_225' title='bbox 1536 3665 1709 3743; x_wconf 80' lang='lat' dir='ltr'>nihil</span> <span class='ocrx_word' id='word_1_226' title='bbox 1775 3669 2024 3761; x_wconf 78' lang='lat' dir='ltr'>profici</span> <span class='ocrx_word' id='word_1_227' title='bbox 2074 3687 2297 3763; x_wconf 83' lang='lat' dir='ltr'>posse</span> <span class='ocrx_word' id='word_1_228' title='bbox 2351 3686 2603 3738; x_wconf 87' lang='lat' dir='ltr'>omnes</span> 
     </span>
     <span class='ocr_line' id='line_1_34' title="bbox 599 3765 2605 3863; baseline 0.001 -27"><span class='ocrx_word' id='word_1_229' title='bbox 599 3786 1018 3860; x_wconf 80' lang='lat' dir='ltr'>persvasum</span> <span class='ocrx_word' id='word_1_230' title='bbox 1079 3765 1351 3852; x_wconf 83' lang='lat' dir='ltr'>habere</span> <span class='ocrx_word' id='word_1_231' title='bbox 1402 3767 1541 3842; x_wconf 87' lang='lat' dir='ltr'>sihi</span> <span class='ocrx_word' id='word_1_232' title='bbox 1591 3768 2004 3858; x_wconf 78' lang='lat' dir='ltr'>videantur,</span> <span class='ocrx_word' id='word_1_233' title='bbox 2071 3787 2307 3863; x_wconf 83' lang='lat' dir='ltr'>neque</span> <span class='ocrx_word' id='word_1_234' title='bbox 2371 3767 2605 3842; x_wconf 81' lang='lat' dir='ltr'>animo</span> 
     </span>
     <span class='ocr_line' id='line_1_35' title="bbox 599 3864 2605 3960; baseline 0.001 -25"><span class='ocrx_word' id='word_1_235' title='bbox 599 3864 999 3959; x_wconf 79' lang='lat' dir='ltr'>perturbari</span> <span class='ocrx_word' id='word_1_236' title='bbox 1078 3878 1199 3939; x_wconf 80' lang='lat' dir='ltr'>aut</span> <span class='ocrx_word' id='word_1_237' title='bbox 1279 3868 1405 3941; x_wconf 80' lang='lat' dir='ltr'>ad.</span> <span class='ocrx_word' id='word_1_238' title='bbox 1449 3868 1655 3946; x_wconf 74' lang='lat' dir='ltr'>aliam</span> <span class='ocrx_word' id='word_1_239' title='bbox 1739 3873 2087 3949; x_wconf 78' lang='lat' dir='ltr'>rationem</span> <span class='ocrx_word' id='word_1_240' title='bbox 2181 3865 2605 3960; x_wconf 82' lang='lat' dir='ltr'>confugere,</span> 
     </span>
     <span class='ocr_line' id='line_1_36' title="bbox 599 3965 2603 4064; baseline -0 -22"><span class='ocrx_word' id='word_1_241' title='bbox 599 3968 666 4042; x_wconf 75' lang='lat' dir='ltr'>si</span> <span class='ocrx_word' id='word_1_242' title='bbox 732 3969 1191 4039; x_wconf 80' lang='lat' dir='ltr'>centuriones</span> <span class='ocrx_word' id='word_1_243' title='bbox 1257 3972 1628 4064; x_wconf 77' lang='lat' dir='ltr'>ceterique</span> <span class='ocrx_word' id='word_1_244' title='bbox 1709 3969 1971 4047; x_wconf 84' lang='lat' dir='ltr'>milites</span> <span class='ocrx_word' id='word_1_245' title='bbox 2062 3966 2392 4048; x_wconf 79' lang='lat' dir='ltr'>hostibus</span> <span class='ocrx_word' id='word_1_246' title='bbox 2475 3965 2603 4041; x_wconf 73' lang='lat' dir='ltr'>ali-</span> 
     </span>
     <span class='ocr_line' id='line_1_37' title="bbox 601 4066 2604 4171; baseline 0.004 -36"><span class='ocrx_word' id='word_1_247' title='bbox 601 4086 744 4159; x_wconf 85' lang='lat' dir='ltr'>quo</span> <span class='ocrx_word' id='word_1_248' title='bbox 808 4075 1017 4158; x_wconf 84' lang='lat' dir='ltr'>pacto</span> <span class='ocrx_word' id='word_1_249' title='bbox 1079 4071 1324 4141; x_wconf 87' lang='lat' dir='ltr'>resisti</span> <span class='ocrx_word' id='word_1_250' title='bbox 1393 4089 1615 4163; x_wconf 86' lang='lat' dir='ltr'>posse</span> <span class='ocrx_word' id='word_1_251' title='bbox 1684 4080 2045 4149; x_wconf 77' lang='lat' dir='ltr'>censeant.</span> <span class='ocrx_word' id='word_1_252' title='bbox 2161 4066 2398 4171; x_wconf 73' lang='lat' dir='ltr'>Quum</span> <span class='ocrx_word' id='word_1_253' title='bbox 2465 4086 2604 4143; x_wconf 69' lang='lat' dir='ltr'>rex</span> 
     </span>
     <span class='ocr_line' id='line_1_38' title="bbox 603 4161 2603 4274; baseline 0 -30"><span class='ocrx_word' id='word_1_254' title='bbox 603 4162 810 4245; x_wconf 74' lang='lat' dir='ltr'>finem</span> <span class='ocrx_word' id='word_1_255' title='bbox 906 4167 1188 4246; x_wconf 81' lang='lat' dir='ltr'>dicendi</span> <span class='ocrx_word' id='word_1_256' title='bbox 1274 4168 1607 4254; x_wconf 72' lang='lat' dir='ltr'>fecisset,</span> <span class='ocrx_word' id='word_1_257' title='bbox 1718 4170 1886 4270; x_wconf 79' lang='lat' dir='ltr'>quid</span> <span class='ocrx_word' id='word_1_258' title='bbox 1943 4161 2261 4274; x_wconf 35' lang='lat' dir='ltr'>’velletr</span> <span class='ocrx_word' id='word_1_259' title='bbox 2340 4164 2603 4243; x_wconf 74' lang='lat' dir='ltr'>inteni-</span> 
     </span>
    </p>
   </div>
  </div>
 </body>
</html>
