2950 4709
281 359 699 451 '0215o.51,
785 377 1148 438 mei-omn
1205 385 1429 437 nnms
1486 386 1943 438 svennnms..
2171 359 2351 453 253

331 575 551 671 pideo
626 585 871 647 contra
937 577 1171 667 ignem
1242 572 1428 645 elata
1495 577 1605 644 vis
1656 574 1958 645 incendii
2009 595 2347 669 repressa

334 688 470 747 est.
572 674 921 747 Scrinium
978 673 1338 746 Sunnevae
1395 695 1528 768 per
1578 678 1933 747 exteriora
1989 678 2074 746 ad
2115 675 2345 746 Sand-

332 775 579 847 bruam
635 776 1078 869 deportatum
1137 769 1375 869 ibique
1428 778 1734 867 positum
1791 785 1928 859 est,
1980 797 2215 870 neque
2254 797 2347 847 eo

193 957 202 962 ‚
329 875 496 948 loco
552 871 948 947 incendium
981 876 1190 947 latius
1228 873 1640 967 vagabatur,
1690 874 1876 967 quod
1914 874 2345 947 luculentum

328 975 740 1046 miraculum
797 987 967 1046 erat.
1069 973 1279 1067 Bagli
1352 972 1728 1045 celocibus
1794 977 1862 1043 in
1915 977 2073 1045 sinu
2127 996 2345 1047 excu-

328 1075 587 1146 bantes
637 1074 781 1145 tela
834 1079 906 1146 in
957 1078 1194 1167 ignem
1248 1077 1626 1158 miserunt,
1696 1076 1757 1143 si
1830 1079 1947 1168 qui
2020 1074 2347 1148 domibus

329 1196 797 1262 succurrere,
867 1185 988 1246 aut
1039 1173 1438 1245 incendium
1511 1175 1978 1264 exstingvere
2055 1174 2345 1246 vellent.

326 1274 541 1348 Multi
593 1272 1107 1367 Bergensium,
1159 1283 1530 1369 postquam
1582 1271 1860 1366 Baglos
1914 1275 2057 1345 tale
2109 1279 2345 1346 consi·

330 1374 496 1447 lium
549 1379 837 1469 cepisse
891 1384 1414 1467 cognoverant,
1467 1394 1721 1444 omnes
1776 1374 2094 1446 fortunas
2147 1397 2346 1462 suaS,

329 1498 509 1570 quas
558 1494 856 1545 movere
910 1474 1072 1545 loco
1125 1483 1462 1565 possent,
1516 1483 1994 1566 asportarant,
2046 1497 2345 1568 quorum

330 1577 449 1646 alii
501 1577 571 1643 in
621 1592 889 1667 pagos,
957 1572 1075 1643 alii
1141 1574 1211 1641 in
1262 1592 1500 1644 arcem
1553 1592 1639 1642 se
1693 1594 1966 1667 suaque
2019 1575 2343 1645 contule-

329 1686 511 1746 runt.
611 1671 1018 1766 Episcopus
1068 1670 1417 1743 Nicolaus
1468 1675 1540 1742 in
1585 1672 1863 1759 celoce,
1917 1693 2077 1767 quae
2107 1677 2341 1766 ignem

330 1779 400 1846 in
452 1775 784 1868 oppidum
855 1776 1294 1865 importavit,
1364 1771 1828 1858 versabatur,
1895 1784 1971 1843 et
2031 1795 2344 1867 semper,

334 1895 475 1970 quo
531 1874 694 1946 loco
748 1876 936 1965 ignis
991 1882 1493 1965 exportaretur
1547 1883 1621 1943 et
1672 1875 2105 1965 injiceretur,
2159 1897 2342 1967 prae·

331 1977 553 2068 cepit3
638 1996 774 2069 qua
853 1995 937 2043 re
1020 1975 1088 2043 iu
1159 1975 1655 2063 gravissimum
1726 1974 1961 2043 odium
2032 1977 2343 2046 incurrit.

327 2075 490 2147 Hoc
540 2074 777 2145 multis
828 2073 1225 2144 hominihus
1290 2073 1805 2145 incommodum
1880 2085 1953 2144 et
2020 2074 2343 2172 damnum

328 2174 579 2261 attulit,
619 2177 727 2262 ¹ita
778 2183 856 2244 ut
905 2173 1126 2266 multi,
1178 2176 1297 2266 qui
1350 2184 1557 2245 antea
1599 2172 1859 2246 divitiis
1886 2173 2343 2262 abundarant,

329 2275 655 2346 omnihus
708 2273 930 2344 rebus
982 2273 1480 2366 spoliarentur.
1586 2271 1802 2364 Quod
1854 2274 2109 2343 factum
2157 2274 2341 2345 Ber-

330 2394 604 2467 genses
673 2376 1017 2466 episcopo
1088 2371 1396 2443 Nicolao
1464 2376 1737 2465 saepius
1804 2375 2341 2470 exprobrarunt.

327 2475 442 2546 Eo
515 2473 678 2544 loco
748 2473 951 2543 aedes
1002 2472 1256 2544 Mariae
1310 2480 1383 2542 et
1435 2474 1745 2566 quinque
1798 2472 1956 2543 aliae
2009 2475 2341 2566 incendio

331 2574 694 2646 absumtae.
797 2579 804 2584 ’

327 2674 452 2749 De
485 2670 708 2745 rebus
762 2666 1233 2743 Bit-hibeinos
1263 2681 1336 2743 et
1370 2669 1658 2767 Baqlos
1706 2671 2340 2746 intercedmte‘bus.

535 2772 702 2844 151.
802 2771 1036 2843 Paulo
1105 2782 1272 2865 post
1335 2791 1469 2843 rex
1525 2771 1847 2846 Sverrer'
1906 2796 2002 2864 ex
2070 2777 2339 2870 oppido

329 2895 488 2947 cum
559 2884 839 2944 centum
913 2873 990 2944 e‘t
1053 2876 1299 2965 viginti
1366 2872 1702 2946 militibus
1774 2874 2172 2969 profectus,
2247 2897 2339 2947 eo

328 2974 714 3060 contendit,
767 2996 910 3067 quo
965 2973 1128 3044 loco
1181 2974 1372 3044 suos‘
1410 2967 1720 3067 ingentia
1777 2977 1986 3046 houm
2025 2986 2341 3047 armenta

329 3075 725 3166 collegisse
757 3084 1214 3164 cognoverat.
1294 3071 1530 3164 Bagli,
1584 3079 1783 3166 regis
1825 3075 2156 3147 discessu
2212 3097 2339 3147 co·

328 3180 565 3267 gnito,
633 3175 703 3243 in
755 3181 1013 3242 terram
1067 3194 1225 3242 eum
1269 3174 1507 3264 copiis
1562 3176 1887 3264 egressi,
1939 3191 2072 3268 per
2120 3196 2337 3268 supe·

328 3276 520 3346 riora
588 3273 679 3344 ad
745 3270 1078 3365 templum
1152 3268 1359 3342 Olavi
1431 3274 1503 3341 in
1570 3271 1842 3345 Bakkis
1911 3275 2144 3368 (ripis)
2209 3274 2338 3344 de-

327 3374 785 3447 scenderunt.
863 3370 1253 3444 Birkibeiui
1299 3371 1654 3470 adversus
1706 3394 1840 3444 eos
1894 3395 2052 3444 cum
2107 3377 2337 3469 copiis

329 3495 425 3545 ex
481 3495 648 3545 arce
702 3481 1210 3560 excurrerunt,
1277 3471 1549 3543 relictis
1617 3475 1687 3542 in
1741 3473 2000 3545 Holmo
2052 3478 2338 3566 triginta

329 3577 541 3658 viris,
612 3576 729 3668 qui
793 3573 1272 3660 custodirent,
1340 3593 1433 3643 ne
1502 3596 1663 3667 quae
1731 3596 1955 3646 naves
2025 3596 2118 3647 eo
2171 3574 2337 3647 loco

326 3673 791 3768 appellerent.
858 3668 1037 3743 Tum
1084 3671 1292 3765 Bagli
1322 3676 1548 3745 aciem
1583 3676 2091 3747 instruxerunt.
2174 3674 2336 3746 Bir-

326 3775 614 3859 kibeini,
668 3795 826 3844 cum
880 3783 1163 3843 ornatas
1215 3777 1461 3867 copias
1519 3772 1886 3860 haherent,
1938 3778 2340 3868 superioris

326 3877 670 3969 temporis
740 3872 1256 3944 consvetudine
1324 3875 1479 3959 usi,
1560 3876 1717 3944 acie
1787 3896 1927 3946 non
1996 3878 2339 3945 instructa

325 3976 657 4069 impetum
693 3974 923 4045 statim
957 3974 1027 4041 in
1056 3969 1308 4042 hostes
1340 3971 1586 4044 facere
1639 3983 1713 4045 et
1748 3975 2040 4066 ordines
2082 3995 2333 4060 corum

328 4094 791 4169 perrumpere
844 4080 1257 4155 statuerunt,
1302 4059 1577 4165 fltaque
1630 4078 1855 4168 primo
1907 4077 1980 4146 in
2032 4073 2333 4154 alterum

328 4196 553 4246 cornu
617 4179 1100 4261 incurrerunt,
1165 4181 1243 4245 ut
1288 4169 1498 4267 Bagli
1560 4175 1971 4260 cederenn·
2024 4172 2179 4248 Sed
2229 4173 2334 4248 al-
