2950 4709
605 319 775 433 1oe
1034 363 1400 418 uren-cnm
1457 362 1689 417 nume
1740 361 2180 416 emanue.
2283 337 2291 347 ’
2356 360 2431 429 ο,
2470 356 2617 428 142,

598 551 786 627 Nam
833 550 1025 647 quod
1075 549 1663 646 archiepiscopus
1696 549 2004 644 Eystein
2054 546 2336 623 colonis
2365 548 2613 623 obtru-

598 662 820 739 serat,
872 661 972 738 ut,
1022 651 1254 725 sicubi
1301 651 1539 724 multae
1564 651 2113 745 archiepiscopo
2143 650 2616 737 deberentur,

506 752 517 756 “
603 770 714 827 eae
750 754 1140 847 pensiones
1190 754 1420 823 unciis
1470 754 1895 847 argentariis
1947 748 2242 822 notatisl
2301 750 2615 844 explica-

599 864 872 939 rentur,
922 874 1078 925 cum
1131 860 1338 924 antea
1367 855 1668 947 pecunia
1701 848 2068 936 multatltla
2100 846 2361 923 eodem
2396 845 2615 922 modo

603 963 748 1050 quo
801 955 871 1024 in
931 950 1399 1047 pensionibus
1467 955 1626 1044 regi
1696 949 1960 1023 debitis
2024 951 2265 1025 soluta
2330 949 2615 1036 suisset,

605 1074 760 1128 eam
814 1071 965 1125 rem
1007 1073 1144 1125 rex
1181 1049 1496 1146 Magnus
1528 1060 1603 1125 et
1628 1047 1970 1144 Erlingus
2007 1046 2331 1145 dynasta,
2380 1049 2618 1145 quoad

555 1177 560 1183 ·
600 1154 1109 1250 rempublicam
1139 1151 1727 1239 administrarant,
1770 1156 2115 1244 integram
2159 1152 2618 1247 reliquerant.

602 1245 905 1326 Scilicet
953 1247 1298 1344 Erlingus
1349 1246 1655 1345 dynasta
1705 1252 1886 1324 hanc
1948 1253 2290 1323 rationem
2356 1251 2616 1345 proba-

601 1363 844 1440 verat,
896 1371 988 1424 eo
1041 1353 1233 1447 quod
1286 1352 1501 1423 filium
1543 1350 1886 1445 Magnum
1938 1352 2027 1423 ab
2065 1352 2614 1445 archiepiscopo

600 1456 1008 1547 inaugurari
1060 1471 1307 1546 regem
1363 1452 1711 1526 voluerat.
1813 1449 2142 1523 Sedhoc
2182 1454 2394 1523 modo
2448 1471 2614 1546 pre-

602 1558 771 1629 tium
798 1558 1163 1627 unciarum
1204 1547 1420 1648 duplo
1452 1556 1678 1646 majus
1708 1546 2048 1625 redditur.
2104 1545 2267 1624 Rex
2299 1548 2620 1624 Sverrer

603 1655 693 1730 ab
748 1653 1292 1751 archiepiscopo
1341 1652 1751 1747 postulavit,
1799 1663 1881 1724 ut
1930 1656 2320 1747 priscarum
2372 1652 2617 1745 legum

603 1759 1042 1852 praescripta,
1095 1771 1236 1825 non
1287 1754 1516 1827 minus
1565 1752 1636 1824 in
1691 1756 1930 1826 causis
1982 1754 2073 1824 ad
2131 1753 2614 1847 archiepisco·-

601 1877 793 1951 pum,
847 1874 1050 1950 quam
1105 1849 1193 1925 ad
1246 1874 1496 1946 regem
1543 1853 2085 1949 pertinentibuS,
2138 1856 2414 1947 integra
2469 1872 2616 1924 ma·-

604 1966 891 2042 nerent3
943 1954 1279 2040 ostendit,
1307 1951 1587 2045 Erlingi
1618 1950 2075 2025 Skakkiinon
2097 1948 2351 2041 fuisse,
2399 1953 2616 2045 leges

604 2058 808 2148 regis
872 2052 1081 2125 Olavi
1153 2057 1381 2125 saneti
1434 2052 1744 2141 violare,
1806 2065 1886 2126 ut
1950 2049 2141 2128 filius
2207 2075 2387 2126 suus
2453 2056 2614 2126 sine

604 2153 759 2230 ullo
785 2157 971 2247 Juris
1013 2149 1217 2225 titulo
1262 2171 1398 2224 rex
1427 2154 1994 2246 inauguraretur,
2045 2174 2396 2248 nunquam
2425 2156 2615 2225 enim

603 2255 676 2327 ln
725 2249 1121 2346 Norvegia,
1175 2270 1270 2324 ex
1315 2273 1457 2349 quo
1500 2251 1877 2326 christiana
1918 2254 2173 2348 religio
2216 2256 2617 2327 introductu
2714 2298 2728 2310 -

606 2357 722 2443 sit,
773 2357 1037 2428 nevin
1091 2351 1517 2427 ethnicismo
1568 2356 1889 2449 quidem,
1952 2356 2340 2443 accidisse,
2408 2364 2487 2429 ut
2550 2359 2617 2430 is

606 2473 745 2529 rex
796 2464 1189 2542 crearetur,
1242 2457 1365 2551 qui
1415 2457 1616 2549 regis
1668 2453 1852 2527 filius
1904 2473 2046 2527 non
2076 2455 2374 2545 fuisset3
2424 2456 2616 2528 idem

609 2578 898 2653 quoque
954 2551 1235 2649 legibus
1286 2550 1618 2628 civilibus·
1690 2555 1778 2626 ab
1830 2576 2010 2647 rege
2065 2551 2298 2628 Olavo
2364 2566 2615 2629 sancto

609 2656 774 2730 latis
826 2656 1247 2750 prohibitum
1303 2674 1499 2729 esse.
1615 2649 1774 2728 Hoc
1841 2664 2118 2750 pactum
2188 2667 2618 2729 conventum

612 2764 768 2827 erat
819 2758 1005 2826 inter
1052 2754 1664 2849 archiepiscopum
1691 2756 2110 2849 Eysteinem
2145 2767 2218 2827 et
2248 2756 2618 2851 Erlingum

611 2852 1005 2947 dynastam,
1056 2857 1277 2950 inquit
1319 2874 1452 2926 rex
1508 2852 1862 2943 Sverrer,
1912 2868 1989 2929 ut
2034 2855 2622 2951 archiepiscopus

413 2963 425 2969 ’
502 2989 506 2994 ·
610 2954 825 3028 filium
895 2956 1053 3048 ejus
1141 2973 1408 3048 regem,
1460 2958 1957 3048 inauguraret,
2034 2956 2374 3048 Erlingus
2442 2975 2644 3046 vero,

614 3054 918 3148 dynasta
968 3053 1513 3152 archiepiscopo
1566 3060 1843 3130 veniam
1905 3060 2374 3152 permitteret,
2426 3076 2624 3155 ‹111ae-

610 3158 731 3229 vis
781 3155 1066 3249 legibus
1135 3160 1528 3245 contrariu,
1596 3179 1756 3252 quae
1807 3159 2227 3230 auctoritate
2296 3179 2427 3230 sua
2494 3152 2624 3228 ob·

611 3255 908 3330 trudere
939 3257 1218 3344 colonis
1248 3258 1625 3352 potuisset,
1650 3255 2028 3351 irrogandi.
2123 3255 2340 3349 Quod
2385 3274 2624 3352 neque

617 3358 913 3445 diviniS,
967 3379 1201 3453 neque
1257 3358 1582 3430 civilibus
1631 3355 1845 3449 hujus
1882 3367 2095 3432 terrae
2134 3354 2422 3452 legibus
2452 3379 2625 3429 con-

613 3466 1031 3531 sentaneum
1076 3458 1338 3542 fuisse,
1391 3456 1559 3527 mihi
1613 3455 1898 3553 quidem
1952 3460 2255 3532 videtur.
2366 3454 2626 3544 Aliter,

615 3559 684 3630 si
733 3565 848 3641 tu,
919 3559 1302 3649 episcope,
1369 3557 1643 3627 reditus
1711 3566 1874 3629 tuos
1926 3569 2299 3653 tantopere
2345 3578 2624 3651 augere

615 3657 844 3748 cupis,
894 3650 1207 3749 postulo,
1254 3664 1332 3726 ut
1380 3651 1549 3726 mihi
1598 3659 1876 3730 veniam
1925 3659 2330 3753 permistae,
2376 3660 2629 3752 regios

613 3756 894 3827 reditus
957 3753 1364 3828 tantundem
1416 3756 1761 3848 augendi,
1831 3767 2054 3854 tuque
2109 3761 2291 3845 deo,
2343 3759 2627 3831 colonis

689 3902 737 3970 ¹)
766 3905 926 3966 ‘Tales
958 3894 1137 3962 ⁴uncie
1181 3905 1303 3961 alias
1352 3906 1594 3962 dicuntur
1641 3905 1953 3973 oeatae'matae,
2001 3911 2149 3983 quasi
2196 3911 2384 3983 quibus
2433 3925 2626 3964 eertum

614 3996 839 4067 pretium
887 4019 945 4053 ex
986 4000 1228 4054 condicto
1276 3999 1513 4055 additum
1558 3998 1749 4065 suerin
1800 4001 1914 4056 talis
1963 4004 2100 4058 enim
2149 4003 2298 4057 uncia
2350 4003 2631 4057 duodecim

614 4088 777 4159 panni
814 4091 1035 4165 vulgum·-
1071 4094 1313 4149 ulnarum
1346 4093 1572 4165 pretium
1606 4096 1867 4166 equabat,
1901 4117 2022 4151 cum
2058 4095 2227 4152 unci&
2249 4097 2507 4171 regulares
2545 4112 2631 4150 sex

614 4181 768 4237 ”lna
801 4185 1042 4241 valerem.
