2950 4709
315 391 406 459 c.
431 390 534 455 62.
771 390 1137 444 msronm
1191 388 1415 441 necis
1470 389 1909 443 svennnms.
2184 369 2341 455 111

328 597 518 650 mum
567 580 1022 672 praetervecti
1079 586 1365 663 essent,
1433 575 1601 647 vela
1653 575 2175 664 submiserunt,
2226 599 2347 650 na-

330 699 652 773 vesque,
720 676 926 747 malis
989 677 1373 762 stantibuS,
1435 676 1610 746 ferri
1662 687 1919 772 sponte
1971 678 2059 747 ad
2110 678 2344 771 Eyras

332 783 672 850 siverunt.
776 776 952 847 Haec
1004 778 1417 848 acciderunt
1469 777 1584 846 die
1640 775 1942 847 Saturni.
2023 778 2351 848 Ubii-ex

331 880 649 970 Magnus
728 899 815 948 ac
882 881 995 947 sui
1070 878 1298 948 ferme
1395 877 1487 946 ad
1566 876 1874 946 Crucem
1954 883 2348 966 venissent,

331 982 710 1050 universas
782 982 1204 1048 naves'uno
1258 975 1422 1046 loco
1479 980 2039 1068 conjunxerunt,
2107 977 2346 1071 ibique

332 1078 625 1149 multum
691 1079 833 1148 diei
894 1098 980 1146 se
1036 1080 1559 1164 continuerunt3
1627 1094 1782 1145 nam
1852 1095 1984 1146 rex
2034 1077 2349 1169 Magnus

337 1201 494 1249 cum
565 1176 713 1249 suis
784 1175 1242 1270 deliberabat.
1346 1174 1491 1246 Oui
1558 1195 1737 1246 vero
1809 1179 1879 1246 in
1930 1175 2149 1269 Eyris
2203 1187 2348 1248 sta-

335 1278 543 1364 bant,
610 1295 868 1369 magno
934 1297 1236 1347 numero
1303 1278 1662 1346 adversus
1723 1274 1977 1366 hostes
2029 1280 2099 1346 in
2153 1299 2348 1348 mare

336 1331 737 1473 progressi,
789 1394 963 1447 saxa
986 1365 1523 1468 jaculabantur,
1543 1375 1661 1445 alii
1689 1377 1832 1447 tela
1865 1380 2349 1469 conjecerunt,

344 1500 623 1573 eosque
689 1478 781 1548 ad
835 1478 1347 1567 egrediendum
1401 1487 1893 1567 provocarunt.
1995 1477 2127 1548 His
2177 1477 2350 1549 nihil

340 1581 676 1672 responsi
726 1599 768 1647 a
819 1579 1225 1668 Magnianis
1274 1576 1669 1661 redditum,
1748 1576 1940 1669 quod
1994 1580 2353 1672 principes

340 1681 527 1750 iuter
594 1699 680 1750 se
749 1676 1252 1769 colloquentes
1317 1674 1616 1746 consilia
1683 1676 2058 1767 agitabant.
2156 1676 2351 1770 Hag-
2433 1716 2444 1725 ·

338 1778 607 1849 bardus
658 1780 1148 1862 Monetarius,
1219 1779 1337 1869 qui
1391 1775 1650 1845 eodem
1701 1786 2024 1868 tempore
2076 1780 2353 1870 nuptias

341 1883 416 1949 in
487 1879 747 1972 oppido
810 1876 1257 1962 celebrabat,
1325 1892 1576 1968 regem
1637 1877 1980 1969 Magnum
2050 1882 2354 1966 vocavit,

344 1980 630 2065 dicens,
698 1996 814 2050 se-
854 1997 1017 2050 eum
1084 1997 1242 2048 eum
1309 1986 1461 2047 toto
1535 1980 1859 2047 exercitu
1924 1978 2014 2047 ad
2081 1980 2356 2071 nuptias

343 2078 539 2151 velle
588 2082 925 2166 invitare3
977 2079 1049 2148 id
1102 2078 1295 2172 quod
1347 2075 1632 2148 ludibrii
1690 2098 1870 2168 ergo
1909 2076 2165 2149 factum
2221 2089 2352 2155 est.

344 2180 558 2251 Circa
583 2179 830 2250 horam
879 2181 1018 2250 diei
1071 2177 1625 2272 pomeridianam
1676 2182 1951 2249 tertiam
1988 2180 2355 2270 Magniani

345 2279 653 2351 classem
708 2281 1222 2372 disJunxerunt,
1276 2286 1350 2348 et
1400 2278 1491 2347 ad
1531 2298 1774 2348 remos
1813 2281 2154 2362 conversi
2183 2301 2353 2371 qua-

345 2389 512 2451 tuor
562 2382 893 2452 maximas
942 2399 1167 2450 naves
1218 2381 1289 2447 iu
1334 2398 1607 2448 amnem
1638 2378 2125 2471 propulerunt,
2179 2378 2355 2451 alias

348 2489 650 2574 quatuor
715 2480 840 2550 ad·
881 2478 1119 2571 Eyras
1195 2476 1707 2570 applicuerunt.
1825 2477 1989 2548 Rex
2055 2480 2212 2569 ipse
2283 2482 2355 2547 in

249 2667 256 2675 ἡ
348 2601 621 2651 amnem
671 2583 1022 2664 invectuS,
1080 2598 1171 2649 eo
1225 2576 1390 2648 loco
1443 2578 1534 2648 ad
1586 2588 1846 2648 terram
1894 2576 2178 2670 appulit,
2232 2578 2356 2648 uhi

231 2723 244 2733 ,
348 2685 630 2773 signum
682 2680 907 2751 Eiriki
960 2681 1159 2770 regis
1212 2677 1334 2747 filii
1387 2688 1561 2765 erat,
1611 2680 2046 2749 adversariis
2074 2679 2354 2763 acriter,

346 2801 580 2875 neque
638 2782 756 2852 diu
810 2777 1334 2850 resistentibus.
1432 2779 1614 2849 Nam
1659 2778 2024 2870 Magniaui
2075 2780 2358 2849 navium

347 2880 575 2951 latera
640 2901 951 2951 arenoso
1022 2877 1213 2949 litori
1280 2878 1813 2971 applicuerunt,
1889 2888 2150 2972 pontes
2219 2878 2357 2949 sub

348 2982 579 3074 pedes
646 2986 960 3074 ipsorum
1025 2977 1601 3049 Birkibeinorum
1668 2982 1737 3048 in
1805 2989 2066 3049 terram
2135 3000 2358 3070 expo·-

348 3090 671 3165 suerunt,
723 3100 899 3149 saxa
953 3088 1027 3149 et
1068 3077 1214 3148 tela
1270 3100 1311 3148 e
1363 3079 1664 3149 navibus
1716 3082 2216 3172 conjecerunt,
2282 3086 2362 3148 ut

346 3177 747 3249 Birkibeini
796 3180 1053 3271 pedem
1107 3178 1484 3248 referrent.
1564 3177 1728 3249 Ouo
1773 3179 1961 3249 facto
1995 3176 2362 3267 Heklungi

348 3278 649 3349 navibus
706 3280 958 3370 egredi
1009 3286 1414 3370 coeperunt,
1480 3300 1663 3372 quos
1712 3276 2106 3347 Birkibeini
2158 3275 2359 3345 forti-

349 3388 466 3450 ter
516 3388 987 3475 exceperunt,
1039 3376 1379 3447 militibus
1433 3380 1763 3472 utrinque
1817 3375 2235 3447 cadentibus
2288 3383 2364 3445 et
2417 3383 2423 3390 ’

352 3478 835 3572 compluribus
886 3476 1293 3549 vulneratis.
1399 3476 1567 3567 Quo
1638 3479 1802 3550 loeo
1857 3498 2014 3548 cum
2068 3475 2361 3569 oppida-

350 3598 487 3649 nos
540 3588 614 3648 et
664 3577 927 3647 milites
982 3586 1352 3650 evocatos,
1378 3598 1463 3647 se
1522 3582 1890 3649 continere
1924 3578 2360 3662 distaederet,

349 3679 421 3746 in
486 3677 821 3771 oppidum
889 3697 1106 3748 ruere
1175 3687 1562 3768 coeperunt.
1686 3678 1829 3747 Ubi
1895 3697 2075 3748 vero
2126 3673 2362 3745 Birki-

348 3776 541 3847 beini
591 3799 791 3847 suam
844 3780 1072 3847 aciem
1119 3797 1524 3863 rarescere,
1579 3786 1653 3848 et
1701 3772 2129 3895 Heklungos
2181 3776 2362 3844 acri-

349 3886 465 3948 ter
513 3880 780 3947 instare
834 3877 1514 3961 animadverterunt,
1581 3879 1819 3948 versis
1884 3878 2109 3968 tergis
2162 3873 2364 3944 aufu-

351 3986 648 4076 gerunt3
701 3997 882 4070 quos
931 3975 1297 4070 fugientes
1348 3997 1510 4046 cum
1558 3975 1923 4067 Heklungi
1973 3973 2366 4046 vehemen-

307 4101 310 4102 ’
349 4084 465 4146 ter
512 4079 1087 4174 insequerentur,
1140 4073 1552 4167 complures
1608 4098 1698 4146 ex
1751 4073 2188 4144 Birkibeinis
2243 4092 2366 4141 ce-

349 4176 695 4250 ciderunt.
798 4172 945 4267 Qui
1012 4196 1195 4249 vero
1264 4174 1355 4246 ad
1408 4175 1646 4302 Eyras
1710 4164 2191 4268 appulerant,
2238 4190 2367 4240 ex-
