2950 4709
569 366 690 452 68
867 385 876 392 ’
1008 388 1376 440 ins-roma
1425 387 1654 439 necis
1704 385 2145 439 emanente.
2368 379 2451 451 c
2477 384 2579 451 38,

671 568 933 644 Oratio
983 567 1078 643 ab
1125 593 1306 668 φερε
1355 567 1675 643 Soet-fier
1675 593 1718 642 e
1763 573 1846 642 in
1892 569 2167 664 funere
2214 567 2517 668 Ενέὶηῃὶ

1250 671 1586 768 dynastce
1638 667 1906 743 habita.

780 767 900 840 38.
1003 768 1285 863 Corpus
1349 769 1628 862 Erlingi
1695 772 2019 864 dynastae
2087 791 2129 843 a
2194 771 2581 841 meridiana

578 870 822 965 templi
894 880 1095 963 parte
1162 869 1501 964 sepulcro
1569 870 1835 942 illatum
1892 879 2038 958 est3
2106 892 2294 944 nune
2344 880 2613 941 autem*

580 974 738 1062 ejus
807 968 1176 1063 sepultura
1240 972 1420 1040 intra
1484 970 1821 1064 templum
1886 978 2018 1042 est.
2117 968 2262 1040 Ubi
2312 988 2579 1063 corpus

576 1070 934 1141 humatum
987 1078 1175 1155 erat,
1226 1091 1362 1141 rex
1412 1069 1729 1141 Sverrer
1776 1070 1988 1141 talem
2043 1073 2435 1141 orationem
2487 1068 2580 1139 ad

578 1168 985 1263 sepulcrum
1049 1168 1325 1240 habuit:
1393 1168 1591 1240 nullo
1658 1170 1871 1241 modo
1924 1173 2317 1256 convenit,
2366 1169 2580 1242 funus

576 1270 763 1340 adeo
815 1267 1077 1339 nobilis
1123 1272 1298 1355 viri,
1364 1273 1570 1362 eujus
1625 1291 1811 1340 nunc
1861 1268 2312 1340 celebramus
2363 1289 2579 1340 exse-

579 1371 781 1463 quias
799 1419 820 1453 ,
893 1366 1178 1439 silentio
1229 1371 1600 1461 praeteriri.
1699 1369 1968 1461 Magna
2010 1373 2154 1462 jam
2205 1367 2392 1439 sacta
2443 1378 2579 1454 est,

577 1477 656 1540 ut
708 1468 959 1541 videre
1009 1467 1216 1539 vobis
1268 1467 1460 1554 licet,
1512 1478 1907 1562 temporum
1946 1472 2261 1554 mutatio,
2311 1489 2580 1562 resque

575 1571 828 1640 mirum
894 1571 967 1636 in
1035 1568 1320 1639 modum
1387 1589 1475 1640 se
1538 1577 2003 1654 convertere,
2090 1571 2351 1662 quippe
2418 1590 2581 1639 eum

576 1667 718 1739 hoc
769 1677 1093 1761 tempore
1144 1690 1331 1739 unus
1379 1670 1493 1739 vir
1540 1671 1685 1761 (me
1712 1672 1942 1763 ipsum
1971 1666 2320 1761 intelligo)
2370 1671 2580 1740 trium

577 1770 917 1853 virorum,
966 1770 1289 1838 nimirum
1324 1771 1548 1860 regiS,
1581 1769 1903 1860 dynastae
1934 1778 2009 1839 et
2036 1766 2581 1861 archiepiscopi,

576 1866 852 1937 vicibus
903 1866 1250 1958 fungatur.
1326 1867 1460 1937 Hie
1511 1867 1768 1939 multas
1820 1878 1896 1939 et
1931 1869 2184 1939 videre
2225 1877 2297 1938 et
2329 1869 2580 1938 audire

577 1963 750 2036 licet
795 1968 1082 2058 majoris
1149 1969 1484 2037 momenti
1548 1988 1711 2054 res,
1781 1968 2259 2061 easdemque,
2323 1976 2404 2039 ut
2452 1988 2583 2062 par

581 2075 729 2151 est,
779 2069 849 2135 in
900 2067 1142 2159 primis
1195 2075 1474 2157 gratas5
1544 2068 1734 2160 quod
1789 2077 1863 2139 et
1908 2068 1999 2139 ad
2052 2066 2215 2139 hoc·
2242 2066 2582 2161 templum

580 2175 655 2239 et
705 2164 918 2236 multa
967 2163 1103 2235 alia
1159 2186 1426 2252 eorum,
1480 2169 1598 2260 qui
1649 2176 1882 2238 castra
1934 2170 2135 2260 regis
2161 2168 2417 2259 Magni
2459 2188 2575 2239 se·

579 2269 724 2336 euti
789 2275 993 2352 sunt,
1076 2265 1439 2358 complura
1524 2287 1829 2360 corpora
1896 2276 2331 2361 comportata
2396 2276 2615 2338 sunt«

575 2364 942 2452 Nimirum,
992 2365 1065 2435 id
1115 2367 1310 2460 quod
1361 2370 1546 2437 inter
1594 2366 1856 2439 multos
1906 2368 2092 2438 haud
2147 2368 2357 2440 dubie
2411 2387 2582 2438 eon-

578 2475 747 2552 stat,
818 2465 1399 2561 archiepiscopus
1469 2467 1775 2558 Eystein
1843 2468 2393 2566 compluresque
2461 2467 2584 2538 alii

577 2568 711 2637 viri
763 2566 1007 2638 cleriei
1057 2566 1326 2638 ordinis
1379 2567 1626 2637 dicere
1676 2576 1850 2645 sunt
1890 2567 2123 2652 soliti,
2176 2570 2296 2661 qui
2349 2576 2584 2638 eastra

578 2668 779 2756 regis
828 2666 1080 2757 Magni
1146 2676 1541 2759 sequentes
1611 2669 1910 2761 ejusque
1979 2687 2279 2759 regnum
2332 2666 2582 2738 defen-

581 2764 835 2835 dentes
885 2767 1098 2835 vitam
1166 2764 1700 2862 profudissem,
1778 2765 2026 2837 horum
2079 2769 2382 2837 omnium
2435 2769 2581 2836 ani-

575 2884 760 2949 moS,
812 2867 1218 2957 priusquam
1270 2869 1563 2956 sangvis
1612 2864 1800 2936 humi
1842 2865 2237 2959 friguisset,
2285 2865 2580 2938 Paradi-

579 2984 737 3034 sum
804 2965 1283 3055 ingressuros.
1384 2963 1673 3058 ltaque,
1739 2968 1804 3036 si
1866 2988 2116 3039 verum
2169 2977 2320 3053 est,
2389 2965 2582 3060 quod

580 3063 757 3133 dixit
816 3062 1445 3157 archiepiscopuS,
1513 3086 1804 3151 omneS,
1872 3069 1993 3159 qui
2058 3088 2215 3137 cum
2281 3065 2582 3160 Eriingo

483 3169 486 3174 '
579 3163 879 3255 dynasta
928 3163 1389 3251 cecidissent,
1437 3175 1729 3237 sanctos
1773 3165 1956 3252 fore,
2007 3165 2223 3237 nobis
2250 3165 2580 3237 omnibus

435 3269 446 3276 ”
574 3262 718 3335 hoc
786 3263 952 3336 loco
1019 3273 1124 3336 tot
1171 3267 1481 3336 virorum
1534 3264 1723 3337 haud
1776 3265 1990 3337 dubie
2044 3266 2368 3338 divorum
2416 3287 2580 3336 san-

577 3366 796 3435 ctitati
850 3385 1288 3455 magnopere
1339 3365 1830 3455 gratulandum
1884 3376 2014 3436 est.
2116 3365 2233 3436 Ex
2283 3389 2425 3460 quo
2476 3365 2582 3437 fa-

577 3461 718 3532 cile
797 3462 1208 3553 intelligere
1276 3483 1692 3556 possumuS,
1777 3488 1914 3559 qua
1979 3468 2355 3536 sanctitate
2410 3469 2584 3559 ipse

573 3559 915 3653 Erlingus
966 3561 1308 3652 gaudeat,
1376 3565 1494 3656 qui
1554 3567 1821 3656 primus
1882 3578 2137 3636 'svasor
2187 3564 2438 3651 suerit,
2504 3574 2587 3636 ut

572 3661 912 3754 Magnus,
962 3659 1249 3732 vixdum
1304 3682 1653 3753 egressus
1706 3667 1975 3758 pueris,
2026 3685 2161 3735 rex
2183 3675 2584 3751 crearetur,

573 3760 929 3857 hujusque
980 3765 1468 3835 auctoritatem
1522 3761 1610 3832 ad
1642 3762 1783 3837 hoc
1816 3785 2046 3858 usque
2081 3774 2362 3859 tempus
2391 3787 2581 3836 sem-

574 3882 708 3956 per
759 3863 1198 3957 promoverit
1257 3883 1343 3933 ae
1394 3862 1696 3935 fulserit.
1800 3863 2088 3955 Quare,
2156 3866 2295 3936 nisi
2350 3865 2580 3935 arehi-

577 3964 963 4056 episcopus
1014 3964 1222 4033 nimio
1276 3965 1573 4056 partium
1623 3964 1875 4035 favore
1924 3963 2273 4058 impulsus
2309 3967 2445 4036 ista
2474 3965 2582 4034 di-

574 4064 799 4148 xerit,
885 4060 1339 4132 dubitandum
1410 4084 1555 4133 non
1622 4073 1773 4151 est,
1853 4067 2021 4157 quin
2087 4065 2273 4157 apud
2339 4064 2580 4134 Deum

577 4163 1123 4256 omnipotentem
1191 4164 1719 4234 intercessione
1785 4185 1916 4245 sua
1968 4162 2261 4236 multum
2322 4161 2580 4236 valeat.
