2950 4709
603 311 783 402 m
1046 336 1411 385 marona
1467 336 1691 384 nners
1746 327 2184 384 suzannam.
2372 332 2447 412 c
2479 330 2634 396 133,

607 522 735 592 eit:
805 522 1088 591 minime
1152 521 1556 603 convenit‚‘
1606 516 2112 590 excellentium
2197 516 2624 590 colonorum

609 619 797 691 filios
850 640 943 690 eo
995 617 1297 690 consilio
1353 639 1444 689 ex
1496 616 2086 702 Thrandheimo,
2128 615 2435 710 Halogia
2501 630 2626 694 aut

607 720 899 804 Μαι-τίει,
968 718 1249 792 locisve
1321 718 1815 811 propioribus,
1885 717 2315 804 advenisse,
2368 727 2447 788 ut
2495 719 2622 788 ad-

604 840 866 892 versus
917 817 1488 912 suppellectilem
1538 826 1661 888 aut
1708 833 1879 888 vasa
1934 825 2055 886 aut
2104 815 2239 886 alia
2286 817 2623 888 utensilia

604 918 1066 1003 colonorum,
1137 917 1275 988 sibi
1343 917 1532 991 forte
1586 917 1836 1000 obvia,
1888 924 2260 1009 pugnent,
2313 926 2435 986 aut
2486 915 2618 988 has

605 1037 731 1089 res
794 1018 1169 1090 concidant
1234 1027 1355 1088 aut
1421 1014 1721 1104 laedant;
1792 1016 1984 1109 quod
2050 1015 2262 1086 vobis
2332 1018 2619 1108 quidem

604 1116 865 1189 nullam
919 1117 1363 1187 dexteritatis
1431 1126 1553 1187 aut
1618 1117 2057 1187 strenuitatis
2125 1114 2377 1185 samam
2449 1139 2618 1187 con-

605 1216 815 1301 ciliat,
872 1215 1410 1307 possidentibus
1461 1225 1698 1286 autem
1755 1216 2079 1285 damnum
2135 1215 2360 1285 affert.
2458 1214 2616 1287 Oro

604 1337 770 1401 vos,
820 1317 1079 1407 inquit,
1130 1334 1222 1384 ne
1285 1315 1392 1385 sic
1441 1313 1687 1386 facere
1760 1316 2101 1407 pergatis.
2214 1312 2360 1386 Ista
2410 1336 2619 1401 vero,

480 1435 491 1444 ·
605 1418 741 1486 nisi
829 1417 1070 1506 gravis
1140 1412 1376 1507 aliqua
1442 1417 1846 1485 necessitas
1930 1414 2321 1504 flagitaret,
2387 1413 2618 1505 palam

606 1514 979 1606 proferre,
1031 1513 1567 1608 haudquaquam
1620 1535 1800 1605 rege
1858 1514 2142 1604 dignum
2177 1524 2396 1584 esset.
2461 1513 2619 1586 Sed

603 1614 815 1706 hujus
865 1616 1141 1708 imperii
1192 1615 1531 1706 principis
1581 1616 1866 1684 nonnine
1918 1613 2254 1703 indignus
2307 1634 2500 1698 sum,
2552 1618 2619 1684 si

605 1726 749 1784 non
801 1713 1123 1800 efficiam,
1173 1723 1251 1784 ut
1299 1712 1480 1784 mala
1531 1713 1977 1784 consvetudo
2030 1733 2144 1782 me
2199 1713 2618 1784 moderante

602 1817 1048 1906 reprimatur,
1115 1834 1355 1906 neque
1416 1811 1719 1884 ulterius
1783 1811 2299 1905 progrediatur.
2382 1812 2616 1902 Quam

603 1911 695 1982 oh
749 1932 903 1982 rem
952 1934 1089 1983 vos
1140 1914 1572 1984 amicissime
1623 1933 1793 1997 oro,
1859 1920 1939 1981 ut
1990 1913 2194 1981 istam
2247 1911 2615 1982 turbulen-

600 2011 1051 2102 tamagendi
1103 2014 1445 2082 rationem
1502 2012 1915 2102 deponatis3
1968 2012 2229 2081 invitus
2286 2014 2468 2081 enim
2522 2013 2616 2082 ad

599 2131 846 2203 poenas
916 2108 1126 2181 vobis
1192 2110 1614 2200 irrogandas
1683 2108 2064 2200 confugi03
2156 2132 2296 2202 quo
2378 2121 2615 2181 tamen

602 2208 1154 2300 confugiendum
1209 2220 1362 2293 est,
1414 2212 1480 2281 si
1532 2208 1866 2280 admoniti
1921 2210 2006 2281 ad
2054 2209 2423 2281 meliorem
2463 2210 2613 2280 fru-

600 2330 767 2402 gem
820 2309 1061 2381 redire
1096 2307 1376 2386 nolitis.
1492 2308 1589 2380 Et
1637 2329 1859 2394 ve1·,o
1921 2312 2240 2401 quamvis
2302 2319 2612 2406 negante

603 2412 951 2503 episeopo
1000 2409 1349 2495 NicolaO,
1398 2411 1495 2478 ita
1546 2406 1715 2478 mihi
1764 2410 2020 2479 videor
2068 2409 2160 2479 ad
2212 2409 2611 2501 regendum

599 2510 1251 2603 moderandumque
1305 2508 1535 2582 hocce
1587 2529 1884 2599 regnum
1953 2508 2291 2592 idoneuS,
2354 2520 2430 2578 ut
2480 2530 2609 2579 ne-

602 2631 819 2681 cesse
871 2631 1012 2679 non
1066 2619 1239 2680 esse
1292 2618 1640 2700 oporteat,
1692 2629 1807 2677 me
1858 2607 1971 2677 his
2017 2618 2136 2677 aut
2166 2617 2278 2677 ter
2310 2608 2611 2680 eandem

601 2729 757 2776 rem
822 2706 1227 2793 inculcare,
1312 2710 1712 2800 praesertim
1778 2709 1852 2775 in
1932 2717 2070 2776 tam
2137 2707 2283 2777 levi
2368 2729 2612 2792 causa,

600 2809 807 2896 cujus
872 2804 1086 2875 modo
1154 2806 1297 2876 feci
1367 2809 1816 2875 mentionem.
1948 2805 2216 2876 Verum
2287 2805 2427 2877 hoc
2495 2828 2610 2877 me

481 2991 489 2997 ‚
601 2906 888 2976 nescire
940 2902 1210 3000 fateor,
1280 2903 1538 2997 quihus
1606 2904 1936 2975 inductus
1996 2905 2389 2976 rationibus
2458 2909 2607 2998 epi-

599 3023 870 3096 scopus
920 3001 1268 3078 Nicolaus
1320 3014 1565 3095 neget,
1615 3002 1782 3073 mihi
1815 3006 1971 3094 regi
2008 3024 2178 3075 esse
2214 3005 2611 3096 Norvegiae

603 3102 852 3176 licere.
950 3103 1053 3178 At
1102 3124 1280 3176 vero
1335 3103 1747 3197 complures
1799 3106 2000 3204 regia
2046 3106 2323 3174 nomina
2354 3125 2608 3195 gesse-

599 3213 801 3290 runt,
853 3224 947 3276 ex
996 3204 1277 3278 ancillis.
1324 3207 1504 3293 nati3
1557 3225 1700 3295 ego
1752 3212 1986 3273 autem
2038 3225 2196 3273 sum
2221 3224 2407 3274 -vera
2442 3199 2632 3296 pro?

601 3302 717 3378 les
766 3307 965 3395 regis
1017 3302 1309 3393 Signrdi
1376 3313 1453 3373 et
1503 3301 1907 3374 Gunnildae.
2024 3300 2255 3394 Hujus
2323 3304 2608 3395 quidem

596 3423 832 3492 genus
864 3405 1009 3491 jam
1041 3402 1278 3474 multis
1312 3399 1712 3474 hominibus
1745 3403 2081 3487 innotuit3
2123 3404 2187 3470 si
2221 3406 2339 3493 qui
2373 3412 2612 3472 autem

599 3509 767 3570 sunt
835 3519 930 3570 ex
997 3497 1517 3591 praesentibus,
1583 3500 1654 3569 id
1720 3498 1908 3592 quod
1978 3503 2270 3591 opinor,
2349 3500 2610 3593 quibus

599 3619 743 3668 non
811 3600 989 3670 satis
1054 3591 1512 3689 perspectum
1563 3601 1693 3682 sit,
1758 3597 1830 3666 id
1901 3597 2324 3691 aliquantum
2379 3598 2609 3691 expli-

600 3713 769 3770 care
820 3716 1133 3788 possum.
1283 3695 1461 3767 Tum
1549 3718 1785 3768 coram
1858 3700 2193 3768 universa
2260 3701 2609 3769 concione

606 3799 841 3870 omnia
883 3798 1039 3881 eius
1077 3795 1517 3890 (Gannildae)
1547 3804 1913 3868 stemmata
1941 3798 2412 3884 recensebat3
2467 3817 2610 3890 quo

597 3895 790 3968 sacto
859 3893 1099 3980 multi,
1164 3895 1423 3987 quibus
1493 3904 1696 3966 antea
1770 3898 2081 3985 ignotum
2149 3896 2406 3981 suerat,
2483 3917 2606 3978 co-⁴

596 4004 854 4084 gnatos
900 4015 1083 4066 sues
1130 4014 1377 4085 regem
1431 4004 1569 4065 tam
1596 4013 1871 4084 genere
1900 4004 2196 4086 paterno
2225 4015 2429 4088 quam
2462 4017 2608 4064 ma-

598 4099 805 4166 terno
870 4095 1221 4186 attingere
1286 4092 1798 4186 intelligebant.
1915 4091 2082 4162 Rex
2146 4096 2217 4161 in
2289 4069 2614 4166 extrema
