2950 4709
643 337 760 425 44
1076 366 1441 414 ιιιετοιιιιι
1496 341 1719 415 neuls
1773 341 2208 416 ‘smum-:ms
2327 360 2646 426 c,25-26‚

642 557 778 620 'mae
846 552 1278 622 auctoritatis
1331 558 1406 620 et
1458 550 1849 643 prudentiae
1902 550 1990 620 ad
2047 548 2421 622 concilium
2476 571 2645 621 con-

640 661 942 721 vocatos
1022 653 1520 741 interrogavit,
1608 660 1835 720 utrum
1910 654 2324 720 societatem
2396 671 2648 721 secum

636 749 926 836 facere,
995 752 1087 821 ita
1151 759 1227 820 ut
1291 770 1538 843 eorum
1592 750 1935 820 defensor
1986 763 2059 820 et
2110 760 2475 843 protector
2528 771 2645 819 es-

636 857 781 937 set,
831 874 921 922 an
970 848 1151 921 banc
1202 851 1678 920 conditionem
1731 854 2097 943 aspernari
2148 848 2435 922 vellent.
2532 849 2646 919 Illi

642 972 818 1023 sese
885 950 1192 1022 libenter
1258 972 1388 1046 pro
1459 971 1591 1036 eo,
1661 960 1981 1043 tanquam
2040 971 2216 1041 rege
2271 973 2443 1036 suo,
2518 973 2644 1043 pu-

636 1073 864 1145 gnare
910 1051 1106 1124 velle
1138 1050 1680 1143 responderunt.
1781 1050 2047 1121 Eadem
2103 1050 2647 1121 Sunndalenses

639 1152 935 1247 polliciti
983 1161 1166 1223 sunt.
1271 1148 1487 1240 Quod
1541 1173 1698 1221 cum
1750 1171 1881 1220 rex
1930 1152 2247 1241 Magnus
2299 1162 2372 1221 et
2412 1150 2644 1221 Erlin-

641 1275 778 1346 gus
842 1252 1141 1345 dynasta
1193 1253 1753 1344 comperissent,
1832 1271 1915 1321 re
1965 1251 2225 1321 infecta
2279 1252 2644 1323 discesse-

638 1363 823 1439 runt,
876 1349 1375 1423 Ormumvero
1429 1353 1627 1443 regis
1678 1350 1963 1422 fratrem
2019 1354 2085 1420 in
2123 1350 2470 1445 Uplanda,
2522 1352 2646 1422 ubi

638 1456 944 1524 omnium
1012 1454 1701 1544 consangvineorum
1769 1464 2063 1522 suorum
2128 1451 2393 1523 robore
2446 1453 2642 1545 adju·

640 1564 966 1640 varetnr,
1030 1556 1414 1640 miserunt,
1482 1561 1561 1623 ut
1629 1554 1786 1644 regi
1838 1549 2172 1622 Sverreri
2250 1574 2291 1622 e
2344 1552 2643 1624 Verma-

630 1653 851 1725 lando
892 1658 1288 1747 irrumpere
1327 1655 1607 1723 conanti
1659 1662 2093 1726 occurreret.
2192 1651 2473 1724 Interea
2511 1674 2646 1724 rex

634 1752 973 1841 Sverrer,
1022 1774 1166 1826 non
1220 1754 1523 1847 amplius
1579 1752 1906 1823 ducentis
1956 1753 2414 1846 quadraginta
2467 1756 2643 1830 viris

634 1859 958 1949 stipatuS,
1008 1857 1146 1925 iter
1198 1853 1288 1924 ad
1340 1875 1534 1924 mare
1580 1850 1927 1923 Balticnm
1959 1855 2241 1945 paravit.
2322 1852 2400 1923 In
2431 1853 2641 1925 Jarn-

633 1955 903 2027 beriam
989 1953 1310 2040 delatus,
1394 1956 1464 2024 in
1534 1974 1855 2047 magnum
1930 1953 2173 2024 incidit
2242 1958 2638 2029 exercitum

633 2054 1108 2126 collectitium.
1207 2052 1299 2123 Hi
1364 2057 1607 2125 stratis
1674 2053 2049 2123 arboribus
2121 2075 2280 2126 eum
2345 2058 2639 2126 transitu

632 2155 1187 2249 prohibuerunt,
1272 2154 1633 2240 dicente-S,
1701 2174 1877 2224 sese
1944 2176 2194 2246 regum
2261 2175 2392 2247 per
2456 2155 2640 2225 fines

631 2277 808 2328 suos
892 2259 1217 2327 itinerum
1296 2258 1621 2326 insvetos
1703 2275 1912 2341 esse,
1991 2276 2227 2349 neque
2297 2259 2662 2348 praesent?

631 2363 955 2450 tempore
1019 2358 1517 2452 permissuros,
1620 2354 1864 2449 ltaque
1931 2377 2067 2427 rex
2121 2377 2309 2450 equo
2365 2359 2435 2425 in
2488 2376 2633 2426 me-

635 2458 821 2529 dium
890 2466 1322 2550 provectuS,
1386 2455 1611 2548 verba
1661 2479 1817 2529 cum
1870 2458 1959 2526 iis
2011 2460 2417 2543 conseruit,
2471 2479 2633 2528 sua-

631 2580 773 2655 que
840 2561 1160 2629 oratione
1231 2558 1501 2644 effecit,
1571 2566 1685 2644 ut,
1755 2578 2214 2651 quascunque
2269 2560 2337 2625 in
2391 2567 2633 2650 partes

630 2657 985 2753 proficisci
1045 2657 1307 2742 vellet,
1374 2660 1650 2727 itineris
1701 2656 2007 2728 faciendi
2055 2665 2478 2750 'potestatem
2530 2658 2633 2728 fa-

628 2768 919 2843 cerent,
973 2767 1047 2829 et
1096 2756 1634 2851 quibuscunque
1685 2757 1906 2828 rebus
1955 2766 2296 2852 possent,
2347 2758 2631 2851 adjuva-

627 2868 805 2928 rent.

1118 2958 1242 3030 De
1293 2956 1677 3053 Helsinqz's
1726 2966 1799 3029 et
1847 2955 2136 3029 Jamtis.

830 3057 947 3128 26.
1049 3056 1224 3129 Inde
1293 3080 1433 3134 rex
1481 3057 1795 3130 Sverrer
1852 3061 1920 3126 in
1975 3057 2411 3149 Helsingiam
2461 3079 2629 3149 pro-

623 3159 884 3245 fectus,
939 3182 1096 3230 cum
1149 3163 1218 3229 in
1270 3158 1501 3230 locum
1554 3159 1808 3252 Alptas
1862 3147 2117 3229 dictum
2155 3161 2631 3253 pervenisset,

624 3261 890 3351 ingenti
942 3258 1295 3330 hominum
1347 3260 1767 3333 multitudini
1820 3269 1893 3331 et
1944 3261 2168 3352 copiis
2213 3258 2629 3330 ‘collectitiis

623 3363 974 3450 occurrit,
1053 3382 1349 3453 quorum
1429 3382 1769 3431 numerus
1840 3370 1994 3429 erat
2058 3362 2188 3429 tria
2258 3358 2472 3429 millia
2557 3357 2632 3430 'et

624 3462 991 3544 sexcenti,
1060 3463 1177 3552 qui
1240 3480 1493 3530 omnes
1556 3460 1644 3529 ad
1714 3457 2029 3551 praelium
2098 3464 2321 3551 parati
2393 3468 2627 3547 erant;

619 3561 702 3628 in¹
756 3557 871 3628 his
939 3568 1217 3628 centum
1288 3562 1537 3651 viginti
1593 3559 1851 3629 milites
1903 3559 2349 3651 cataphracti.
2451 3558 2629 3630 Haec

622 3661 849 3729 omnis
898 3657 1293 3745 multitudo,
1345 3663 1406 3729 si
1460 3663 1618 3753 quis
1662 3657 2152 3731 Sverrerianis
2207 3662 2401 3754 pacis
2454 3680 2625 3729 con-

622 3760 929 3829 ditiones
1008 3761 1513 3831 transeundive
1591 3769 2017 3853 potestatem
2110 3763 2627 3846 concessisset,

510 3847 519 3864 '
618 3859 916 3930 infamiae
968 3868 1201 3929 notam
1256 3861 1830 3946 denuntiaverat,
1895 3861 2084 3955 quod
2138 3861 2461 3931 secundo
2512 3882 2625 3929 ar-

615 3981 886 4029 morum
923 3958 1204 4031 fremitu
1246 3965 1713 4032 sanciverant.
1778 3959 1938 4060 Huc
1966 3960 2378 4048 accedebat,
2430 3960 2624 4054 quod

616 4062 877 4140 nemini
949 4080 1041 4129 ex
1108 4059 1444 4133 militibus
1515 4065 1672 4154 ejus
1724 4082 1861 4133 nec
1910 4065 1979 4130 in
2031 4060 2405 4132 concilium
2458 4081 2623 4156 pro·
2719 4143 2724 4152 1

619 4160 904 4247 dcundi,
958 4182 1092 4232 nec
1144 4161 1364 4234 ullum
1416 4162 1708 4234 verbum
1748 4161 2158 4255 profer-endi
2197 4168 2624 4253 potestatem
