<?xml version="1.0" encoding="UTF-8"?>
<!DOCTYPE html PUBLIC "-//W3C//DTD XHTML 1.0 Transitional//EN"
    "http://www.w3.org/TR/xhtml1/DTD/xhtml1-transitional.dtd">
<html xmlns="http://www.w3.org/1999/xhtml" xml:lang="en" lang="en">
 <head>
  <title>
</title>
<meta http-equiv="Content-Type" content="text/html;charset=utf-8" />
  <meta name='ocr-system' content='tesseract 3.04.00' />
  <meta name='ocr-capabilities' content='ocr_page ocr_carea ocr_par ocr_line ocrx_word'/>
</head>
<body>
  <div class='ocr_page' id='page_1' title='image "./scriptahistoric01unkngoog_0009.png"; bbox 0 0 2950 4709; ppageno 0'>
   <div class='ocr_carea' id='block_1_1' title="bbox 340 920 2377 4248">
    <p class='ocr_par' dir='ltr' id='par_1_1' title="bbox 361 920 2377 1454">
     <span class='ocr_line' id='line_1_1' title="bbox 362 920 2376 1038; baseline -0 -14"><span class='ocrx_word' id='word_1_1' title='bbox 362 920 641 1024; x_wconf 77' lang='lat' dir='ltr'><strong>Duc-ru</strong></span> <span class='ocrx_word' id='word_1_2' title='bbox 699 954 1094 1038; x_wconf 78' lang='lat' dir='ltr'><strong>praefationis</strong></span> <span class='ocrx_word' id='word_1_3' title='bbox 1165 955 1370 1017; x_wconf 84' lang='lat' dir='ltr'><strong>octavi</strong></span> <span class='ocrx_word' id='word_1_4' title='bbox 1439 954 1561 1021; x_wconf 77' lang='lat' dir='ltr'><strong>vol.</strong></span> <span class='ocrx_word' id='word_1_5' title='bbox 1616 955 2025 1018; x_wconf 77' lang='lat' dir='ltr'><strong>historiarum</strong></span> <span class='ocrx_word' id='word_1_6' title='bbox 2094 963 2376 1022; x_wconf 80' lang='lat' dir='ltr'><strong>veterum</strong></span> 
     </span>
     <span class='ocr_line' id='line_1_2' title="bbox 362 1057 2376 1142; baseline -0 -15"><span class='ocrx_word' id='word_1_7' title='bbox 362 1065 737 1137; x_wconf 82' lang='lat' dir='ltr'><strong>borealium,</strong></span> <span class='ocrx_word' id='word_1_8' title='bbox 782 1081 816 1121; x_wconf 90' lang='lat' dir='ltr'><strong>a</strong></span> <span class='ocrx_word' id='word_1_9' title='bbox 860 1062 1060 1123; x_wconf 83' lang='lat' dir='ltr'><strong>celeb.</strong></span> <span class='ocrx_word' id='word_1_10' title='bbox 1114 1067 1181 1123; x_wconf 87' lang='lat' dir='ltr'><strong>et</strong></span> <span class='ocrx_word' id='word_1_11' title='bbox 1223 1059 1391 1120; x_wconf 87' lang='lat' dir='ltr'><strong>doct.</strong></span> <span class='ocrx_word' id='word_1_12' title='bbox 1436 1057 1615 1120; x_wconf 78' lang='lat' dir='ltr'><strong>Prof.</strong></span> <span class='ocrx_word' id='word_1_13' title='bbox 1647 1061 1723 1122; x_wconf 88' lang='lat' dir='ltr'><strong>F.</strong></span> <span class='ocrx_word' id='word_1_14' title='bbox 1762 1062 2179 1142; x_wconf 80' lang='lat' dir='ltr'><strong>Magnusenio</strong></span> <span class='ocrx_word' id='word_1_15' title='bbox 2225 1082 2376 1126; x_wconf 90' lang='lat' dir='ltr'><strong>con-</strong></span> 
     </span>
     <span class='ocr_line' id='line_1_3' title="bbox 365 1165 2377 1248; baseline 0.001 -19"><span class='ocrx_word' id='word_1_16' title='bbox 365 1170 648 1248; x_wconf 84' lang='lat' dir='ltr'><strong>scriptae,</strong></span> <span class='ocrx_word' id='word_1_17' title='bbox 692 1166 898 1246; x_wconf 88' lang='lat' dir='ltr'><strong>primo</strong></span> <span class='ocrx_word' id='word_1_18' title='bbox 943 1165 1198 1227; x_wconf 88' lang='lat' dir='ltr'><strong>codices</strong></span> <span class='ocrx_word' id='word_1_19' title='bbox 1246 1166 1680 1227; x_wconf 82' lang='lat' dir='ltr'><strong>membraneos</strong></span> <span class='ocrx_word' id='word_1_20' title='bbox 1728 1166 2016 1228; x_wconf 85' lang='lat' dir='ltr'><strong>historiae</strong></span> <span class='ocrx_word' id='word_1_21' title='bbox 2052 1167 2377 1231; x_wconf 87' lang='lat' dir='ltr'><strong>Sverreris</strong></span> 
     </span>
     <span class='ocr_line' id='line_1_4' title="bbox 361 1268 2375 1348; baseline 0 -16"><span class='ocrx_word' id='word_1_22' title='bbox 361 1272 645 1332; x_wconf 87' lang='lat' dir='ltr'><strong>breviter</strong></span> <span class='ocrx_word' id='word_1_23' title='bbox 687 1270 1058 1342; x_wconf 80' lang='lat' dir='ltr'><strong>recensebo,</strong></span> <span class='ocrx_word' id='word_1_24' title='bbox 1104 1268 1337 1330; x_wconf 89' lang='lat' dir='ltr'><strong>deinde</strong></span> <span class='ocrx_word' id='word_1_25' title='bbox 1379 1270 1773 1348; x_wconf 83' lang='lat' dir='ltr'><strong>probabilem</strong></span> <span class='ocrx_word' id='word_1_26' title='bbox 1819 1272 2197 1333; x_wconf 79' lang='lat' dir='ltr'><strong>sententiam</strong></span> <span class='ocrx_word' id='word_1_27' title='bbox 2241 1272 2375 1333; x_wconf 79' lang='lat' dir='ltr'><strong>lau·</strong></span> 
     </span>
     <span class='ocr_line' id='line_1_5' title="bbox 362 1371 2334 1454; baseline 0 -19"><span class='ocrx_word' id='word_1_28' title='bbox 362 1374 496 1436; x_wconf 90' lang='lat' dir='ltr'><strong>dati</strong></span> <span class='ocrx_word' id='word_1_29' title='bbox 537 1373 940 1454; x_wconf 82' lang='lat' dir='ltr'><strong>Magnusenii</strong></span> <span class='ocrx_word' id='word_1_30' title='bbox 988 1374 1070 1436; x_wconf 90' lang='lat' dir='ltr'><strong>de</strong></span> <span class='ocrx_word' id='word_1_31' title='bbox 1114 1373 1478 1433; x_wconf 79' lang='lat' dir='ltr'><strong>auctoribus</strong></span> <span class='ocrx_word' id='word_1_32' title='bbox 1516 1371 1704 1450; x_wconf 90' lang='lat' dir='ltr'><strong>hujus</strong></span> <span class='ocrx_word' id='word_1_33' title='bbox 1747 1376 1959 1454; x_wconf 90' lang='lat' dir='ltr'><strong>operis</strong></span> <span class='ocrx_word' id='word_1_34' title='bbox 2005 1393 2334 1454; x_wconf 78' lang='lat' dir='ltr'><strong>exponam.</strong></span> 
     </span>
    </p>

    <p class='ocr_par' dir='ltr' id='par_1_2' title="bbox 340 1476 2376 4248">
     <span class='ocr_line' id='line_1_6' title="bbox 530 1476 2374 1557; baseline 0.001 -19"><span class='ocrx_word' id='word_1_35' title='bbox 530 1479 634 1551; x_wconf 84' lang='lat' dir='ltr'><strong>A,</strong></span> <span class='ocrx_word' id='word_1_36' title='bbox 693 1477 892 1538; x_wconf 83' lang='lat' dir='ltr'><strong>codex</strong></span> <span class='ocrx_word' id='word_1_37' title='bbox 948 1478 1423 1552; x_wconf 76' lang='lat' dir='ltr'><strong>membraneus,</strong></span> <span class='ocrx_word' id='word_1_38' title='bbox 1475 1476 1875 1539; x_wconf 82' lang='lat' dir='ltr'><strong>fundamenti</strong></span> <span class='ocrx_word' id='word_1_39' title='bbox 1930 1478 2071 1538; x_wconf 89' lang='lat' dir='ltr'><strong>loco</strong></span> <span class='ocrx_word' id='word_1_40' title='bbox 2127 1479 2374 1557; x_wconf 80' lang='lat' dir='ltr'><strong>positus</strong></span> 
     </span>
     <span class='ocr_line' id='line_1_7' title="bbox 361 1581 2375 1659; baseline -0 -16"><span class='ocrx_word' id='word_1_41' title='bbox 361 1582 453 1659; x_wconf 86' lang='lat' dir='ltr'><strong>(in</strong></span> <span class='ocrx_word' id='word_1_42' title='bbox 498 1581 875 1642; x_wconf 76' lang='lat' dir='ltr'><strong>collectione</strong></span> <span class='ocrx_word' id='word_1_43' title='bbox 921 1581 1493 1659; x_wconf 84' lang='lat' dir='ltr'><strong>manuscriptorum</strong></span> <span class='ocrx_word' id='word_1_44' title='bbox 1534 1581 2086 1659; x_wconf 81' lang='lat' dir='ltr'><strong>Arnaemagnaeana</strong></span> <span class='ocrx_word' id='word_1_45' title='bbox 2129 1600 2191 1642; x_wconf 89' lang='lat' dir='ltr'><strong>n.</strong></span> <span class='ocrx_word' id='word_1_46' title='bbox 2224 1582 2375 1659; x_wconf 80' lang='grc'><strong>327,</strong></span> 
     </span>
     <span class='ocr_line' id='line_1_8' title="bbox 360 1683 2376 1763; baseline -0 -16"><span class='ocrx_word' id='word_1_47' title='bbox 360 1686 570 1747; x_wconf 85' lang='lat' dir='ltr'><strong>forma</strong></span> <span class='ocrx_word' id='word_1_48' title='bbox 605 1685 730 1759; x_wconf 82' lang='lat'><strong>4.)‚</strong></span> <span class='ocrx_word' id='word_1_49' title='bbox 777 1701 903 1744; x_wconf 90' lang='lat' dir='ltr'><strong>non</strong></span> <span class='ocrx_word' id='word_1_50' title='bbox 948 1683 1206 1763; x_wconf 88' lang='lat' dir='ltr'><strong>quidem</strong></span> <span class='ocrx_word' id='word_1_51' title='bbox 1249 1684 1421 1743; x_wconf 83' lang='lat' dir='ltr'><strong>vitiis</strong></span> <span class='ocrx_word' id='word_1_52' title='bbox 1466 1689 1531 1743; x_wconf 90' lang='lat' dir='ltr'><strong>et</strong></span> <span class='ocrx_word' id='word_1_53' title='bbox 1573 1684 1814 1744; x_wconf 84' lang='lat' dir='ltr'><strong>lacunis</strong></span> <span class='ocrx_word' id='word_1_54' title='bbox 1859 1684 2118 1743; x_wconf 91' lang='lat' dir='ltr'><strong>omnino</strong></span> <span class='ocrx_word' id='word_1_55' title='bbox 2148 1685 2376 1746; x_wconf 87' lang='lat' dir='ltr'><strong>immu-</strong></span> 
     </span>
     <span class='ocr_line' id='line_1_9' title="bbox 360 1788 2375 1868; baseline 0.001 -18"><span class='ocrx_word' id='word_1_56' title='bbox 360 1790 499 1863; x_wconf 85' lang='lat' dir='ltr'><strong>nis,</strong></span> <span class='ocrx_word' id='word_1_57' title='bbox 557 1789 848 1868; x_wconf 77' lang='lat' dir='ltr'><strong>egregius</strong></span> <span class='ocrx_word' id='word_1_58' title='bbox 891 1795 1136 1862; x_wconf 80' lang='lat' dir='ltr'><strong>tamen,</strong></span> <span class='ocrx_word' id='word_1_59' title='bbox 1204 1806 1392 1849; x_wconf 89' lang='lat' dir='ltr'><strong>manu</strong></span> <span class='ocrx_word' id='word_1_60' title='bbox 1452 1794 1627 1849; x_wconf 86' lang='lat' dir='ltr'><strong>certa</strong></span> <span class='ocrx_word' id='word_1_61' title='bbox 1683 1794 1749 1849; x_wconf 86' lang='lat' dir='ltr'><strong>et</strong></span> <span class='ocrx_word' id='word_1_62' title='bbox 1804 1788 2005 1849; x_wconf 89' lang='lat' dir='ltr'><strong>nitida</strong></span> <span class='ocrx_word' id='word_1_63' title='bbox 2061 1795 2375 1867; x_wconf 83' lang='lat' dir='ltr'><strong>exaratus,</strong></span> 
     </span>
     <span class='ocr_line' id='line_1_10' title="bbox 362 1891 2372 1971; baseline 0.002 -19"><span class='ocrx_word' id='word_1_64' title='bbox 362 1892 880 1971; x_wconf 79' lang='lat' dir='ltr'><strong>orthographiam</strong></span> <span class='ocrx_word' id='word_1_65' title='bbox 926 1910 1183 1952; x_wconf 86' lang='lat' dir='ltr'><strong>servans</strong></span> <span class='ocrx_word' id='word_1_66' title='bbox 1227 1891 1675 1953; x_wconf 86' lang='lat' dir='ltr'><strong>vetustissimis</strong></span> <span class='ocrx_word' id='word_1_67' title='bbox 1719 1893 1957 1952; x_wconf 88' lang='lat' dir='ltr'><strong>nostris</strong></span> <span class='ocrx_word' id='word_1_68' title='bbox 2004 1911 2372 1957; x_wconf 87' lang='lat' dir='ltr'><strong>monumen-</strong></span> 
     </span>
     <span class='ocr_line' id='line_1_11' title="bbox 357 1996 2372 2073; baseline 0.001 -16"><span class='ocrx_word' id='word_1_69' title='bbox 357 1998 445 2057; x_wconf 86' lang='lat' dir='ltr'><strong>tis</strong></span> <span class='ocrx_word' id='word_1_70' title='bbox 489 1996 1027 2057; x_wconf 59' lang='lat' dir='ltr'><strong>convenientems·</strong></span> <span class='ocrx_word' id='word_1_71' title='bbox 1077 1997 1216 2073; x_wconf 75' lang='lat' dir='ltr'><strong>Quo</strong></span> <span class='ocrx_word' id='word_1_72' title='bbox 1251 1996 1518 2056; x_wconf 65' lang='lat' dir='ltr'><strong>vnomine</strong></span> <span class='ocrx_word' id='word_1_73' title='bbox 1564 1996 1907 2056; x_wconf 83' lang='lat' dir='ltr'><strong>notandum</strong></span> <span class='ocrx_word' id='word_1_74' title='bbox 1953 2003 2074 2071; x_wconf 90' lang='lat' dir='ltr'><strong>est,</strong></span> <span class='ocrx_word' id='word_1_75' title='bbox 2120 1998 2372 2061; x_wconf 84' lang='lat' dir='ltr'><strong>literam</strong></span> 
     </span>
     <span class='ocr_line' id='line_1_12' title="bbox 356 2095 2369 2182; baseline 0.002 -21"><span class='ocrx_word' id='word_1_76' title='bbox 356 2095 398 2161; x_wconf 72' lang='grc' dir='ltr'><em>ὅ</em></span> <span class='ocrx_word' id='word_1_77' title='bbox 438 2108 504 2162; x_wconf 85' lang='lat' dir='ltr'><strong>et</strong></span> <span class='ocrx_word' id='word_1_78' title='bbox 529 2095 584 2178; x_wconf 71' lang='grc' dir='ltr'><em>ῥ</em></span> <span class='ocrx_word' id='word_1_79' title='bbox 627 2117 753 2160; x_wconf 91' lang='lat' dir='ltr'><strong>non</strong></span> <span class='ocrx_word' id='word_1_80' title='bbox 788 2100 992 2160; x_wconf 90' lang='lat' dir='ltr'><strong>solum</strong></span> <span class='ocrx_word' id='word_1_81' title='bbox 1022 2099 1313 2161; x_wconf 87' lang='lat' dir='ltr'><strong>adhiberi</strong></span> <span class='ocrx_word' id='word_1_82' title='bbox 1343 2105 1489 2179; x_wconf 88' lang='lat' dir='ltr'><strong>post</strong></span> <span class='ocrx_word' id='word_1_83' title='bbox 1517 2100 1584 2175; x_wconf 86' lang='lat' dir='ltr'><strong>f,</strong></span> <span class='ocrx_word' id='word_1_84' title='bbox 1629 2120 1694 2180; x_wconf 85' lang='lat' dir='ltr'><strong>g,</strong></span> <span class='ocrx_word' id='word_1_85' title='bbox 1736 2122 1792 2177; x_wconf 88' lang='lat' dir='ltr'><strong>r,</strong></span> <span class='ocrx_word' id='word_1_86' title='bbox 1835 2100 1949 2162; x_wconf 86' lang='lat' dir='ltr'><strong>sed</strong></span> <span class='ocrx_word' id='word_1_87' title='bbox 1986 2108 2052 2163; x_wconf 87' lang='lat' dir='ltr'><strong>et</strong></span> <span class='ocrx_word' id='word_1_88' title='bbox 2080 2104 2369 2182; x_wconf 80' lang='lat' dir='ltr'><strong>proxime</strong></span> 
     </span>
     <span class='ocr_line' id='line_1_13' title="bbox 358 2198 2367 2287; baseline 0.002 -25"><span class='ocrx_word' id='word_1_89' title='bbox 358 2204 868 2283; x_wconf 84' lang='lat' dir='ltr'><strong>praecedentibus</strong></span> <span class='ocrx_word' id='word_1_90' title='bbox 913 2203 975 2276; x_wconf 73' lang='lat' dir='ltr'><strong>lc,</strong></span> <span class='ocrx_word' id='word_1_91' title='bbox 1016 2224 1083 2284; x_wconf 86' lang='lat' dir='ltr'><strong>p,</strong></span> <span class='ocrx_word' id='word_1_92' title='bbox 1126 2224 1207 2279; x_wconf 87' lang='lat' dir='ltr'><strong>m,</strong></span> <span class='ocrx_word' id='word_1_93' title='bbox 1253 2205 1296 2277; x_wconf 84' lang='lat' dir='ltr'><strong>l,</strong></span> <span class='ocrx_word' id='word_1_94' title='bbox 1342 2209 1411 2264; x_wconf 86' lang='lat' dir='ltr'><strong>ut</strong></span> <span class='ocrx_word' id='word_1_95' title='bbox 1454 2198 1729 2278; x_wconf 71' lang='grc' dir='ltr'><strong>Ιιηιεοόἰ,</strong></span> <span class='ocrx_word' id='word_1_96' title='bbox 1772 2201 2021 2285; x_wconf 70' lang='lat' dir='ltr'><strong>glap52·‚</strong></span> <span class='ocrx_word' id='word_1_97' title='bbox 2063 2202 2367 2287; x_wconf 66' lang='lat' dir='ltr'><strong>dreymbr‘,</strong></span> 
     </span>
     <span class='ocr_line' id='line_1_14' title="bbox 340 2300 2372 2390; baseline 0.003 -24"><span class='ocrx_word' id='word_1_98' title='bbox 340 2301 580 2390; x_wconf 65' lang='grc' dir='ltr'><strong>ᾔόἱρἰς</strong></span> <span class='ocrx_word' id='word_1_99' title='bbox 614 2313 695 2389; x_wconf 82' lang='lat' dir='ltr'><strong>pt</strong></span> <span class='ocrx_word' id='word_1_100' title='bbox 738 2326 852 2386; x_wconf 88' lang='lat' dir='ltr'><strong>pro</strong></span> <span class='ocrx_word' id='word_1_101' title='bbox 877 2307 961 2386; x_wconf 80' lang='lat' dir='ltr'><strong>ft&#39;</strong></span> <span class='ocrx_word' id='word_1_102' title='bbox 999 2308 1065 2367; x_wconf 88' lang='lat' dir='ltr'><strong>in</strong></span> <span class='ocrx_word' id='word_1_103' title='bbox 1097 2300 1346 2386; x_wconf 64' lang='lat' dir='ltr'><strong>bun-pt,</strong></span> <span class='ocrx_word' id='word_1_104' title='bbox 1392 2306 1605 2385; x_wconf 73' lang='lat' dir='ltr'><strong>tylpt3</strong></span> <span class='ocrx_word' id='word_1_105' title='bbox 1646 2327 1682 2367; x_wconf 83' lang='lat' dir='ltr'><strong>e</strong></span> <span class='ocrx_word' id='word_1_106' title='bbox 1725 2326 1842 2388; x_wconf 89' lang='lat' dir='ltr'><strong>pro</strong></span> <span class='ocrx_word' id='word_1_107' title='bbox 1886 2311 1917 2369; x_wconf 79' lang='grc' dir='ltr'><strong><em>ί</em></strong></span> <span class='ocrx_word' id='word_1_108' title='bbox 1953 2310 2018 2369; x_wconf 91' lang='lat' dir='ltr'><strong>in</strong></span> <span class='ocrx_word' id='word_1_109' title='bbox 2063 2330 2226 2387; x_wconf 86' lang='lat' dir='ltr'><strong>mec,</strong></span> <span class='ocrx_word' id='word_1_110' title='bbox 2267 2331 2372 2373; x_wconf 83' lang='lat' dir='ltr'><strong>sec</strong></span> 
     </span>
     <span class='ocr_line' id='line_1_15' title="bbox 355 2410 2370 2490; baseline 0.001 -18"><span class='ocrx_word' id='word_1_111' title='bbox 355 2413 402 2472; x_wconf 89' lang='lat' dir='ltr'><strong>i.</strong></span> <span class='ocrx_word' id='word_1_112' title='bbox 446 2432 501 2473; x_wconf 88' lang='lat' dir='ltr'><strong>e.</strong></span> <span class='ocrx_word' id='word_1_113' title='bbox 545 2411 702 2486; x_wconf 80' lang='lat' dir='ltr'><strong>mik,</strong></span> <span class='ocrx_word' id='word_1_114' title='bbox 759 2411 878 2471; x_wconf 80' lang='lat' dir='ltr'><strong>silc.</strong></span> <span class='ocrx_word' id='word_1_115' title='bbox 963 2410 1088 2471; x_wconf 88' lang='lat' dir='ltr'><strong>Hic</strong></span> <span class='ocrx_word' id='word_1_116' title='bbox 1147 2410 1346 2471; x_wconf 83' lang='lat' dir='ltr'><strong>codex</strong></span> <span class='ocrx_word' id='word_1_117' title='bbox 1404 2410 1572 2469; x_wconf 87' lang='lat' dir='ltr'><strong>haud</strong></span> <span class='ocrx_word' id='word_1_118' title='bbox 1618 2430 1849 2490; x_wconf 85' lang='lat' dir='ltr'><strong>paucas</strong></span> <span class='ocrx_word' id='word_1_119' title='bbox 1893 2413 2085 2474; x_wconf 86' lang='lat' dir='ltr'><strong>habet</strong></span> <span class='ocrx_word' id='word_1_120' title='bbox 2129 2413 2370 2475; x_wconf 86' lang='lat' dir='ltr'><strong>adscri-</strong></span> 
     </span>
     <span class='ocr_line' id='line_1_16' title="bbox 354 2513 2370 2598; baseline 0.001 -23"><span class='ocrx_word' id='word_1_121' title='bbox 354 2515 647 2598; x_wconf 75' lang='lat' dir='ltr'><strong>ptioneS‚</strong></span> <span class='ocrx_word' id='word_1_122' title='bbox 706 2533 740 2573; x_wconf 87' lang='lat' dir='ltr'><strong>a</strong></span> <span class='ocrx_word' id='word_1_123' title='bbox 797 2513 989 2573; x_wconf 82' lang='lat' dir='ltr'><strong>variis</strong></span> <span class='ocrx_word' id='word_1_124' title='bbox 1034 2513 1514 2591; x_wconf 87' lang='lat' dir='ltr'><strong>possessoribus</strong></span> <span class='ocrx_word' id='word_1_125' title='bbox 1560 2515 1655 2574; x_wconf 87' lang='lat' dir='ltr'><strong>vel</strong></span> <span class='ocrx_word' id='word_1_126' title='bbox 1705 2514 2055 2576; x_wconf 88' lang='lat' dir='ltr'><strong>lectoribus</strong></span> <span class='ocrx_word' id='word_1_127' title='bbox 2100 2515 2370 2591; x_wconf 84' lang='lat' dir='ltr'><strong>additas,</strong></span> 
     </span>
     <span class='ocr_line' id='line_1_17' title="bbox 355 2616 2369 2697; baseline 0.002 -18"><span class='ocrx_word' id='word_1_128' title='bbox 355 2638 433 2679; x_wconf 84' lang='lat' dir='ltr'><strong>ex</strong></span> <span class='ocrx_word' id='word_1_129' title='bbox 498 2619 728 2697; x_wconf 85' lang='lat' dir='ltr'><strong>quibus</strong></span> <span class='ocrx_word' id='word_1_130' title='bbox 793 2616 1060 2677; x_wconf 82' lang='lat' dir='ltr'><strong>maxime</strong></span> <span class='ocrx_word' id='word_1_131' title='bbox 1105 2617 1549 2678; x_wconf 84' lang='lat' dir='ltr'><strong>memorabiles</strong></span> <span class='ocrx_word' id='word_1_132' title='bbox 1595 2622 1744 2678; x_wconf 86' lang='lat' dir='ltr'><strong>sunt</strong></span> <span class='ocrx_word' id='word_1_133' title='bbox 1798 2617 1976 2690; x_wconf 83' lang='lat' dir='ltr'><strong>duae,</strong></span> <span class='ocrx_word' id='word_1_134' title='bbox 2046 2620 2242 2682; x_wconf 87' lang='lat' dir='ltr'><strong>altera</strong></span> <span class='ocrx_word' id='word_1_135' title='bbox 2300 2621 2369 2683; x_wconf 89' lang='lat' dir='ltr'><strong>in</strong></span> 
     </span>
     <span class='ocr_line' id='line_1_18' title="bbox 350 2719 2367 2801; baseline 0.002 -19"><span class='ocrx_word' id='word_1_136' title='bbox 350 2723 557 2801; x_wconf 88' lang='lat' dir='ltr'><strong>primo</strong></span> <span class='ocrx_word' id='word_1_137' title='bbox 601 2721 760 2781; x_wconf 82' lang='lat' dir='ltr'><strong>folio</strong></span> <span class='ocrx_word' id='word_1_138' title='bbox 791 2719 1053 2795; x_wconf 86' lang='lat' dir='ltr'><strong>codicis,</strong></span> <span class='ocrx_word' id='word_1_139' title='bbox 1095 2719 1279 2790; x_wconf 67' lang='lat' dir='ltr'><strong>“Hoc</strong></span> <span class='ocrx_word' id='word_1_140' title='bbox 1320 2739 1487 2801; x_wconf 81' lang='lat' dir='ltr'><strong>opus</strong></span> <span class='ocrx_word' id='word_1_141' title='bbox 1516 2723 1758 2781; x_wconf 77' lang='lat' dir='ltr'><strong>isserus</strong></span> <span class='ocrx_word' id='word_1_142' title='bbox 1789 2724 2015 2800; x_wconf 73' lang='lat' dir='ltr'><strong>secz&#39;t&#39;’,</strong></span> <span class='ocrx_word' id='word_1_143' title='bbox 2060 2723 2257 2785; x_wconf 85' lang='lat' dir='ltr'><strong>altera</strong></span> <span class='ocrx_word' id='word_1_144' title='bbox 2299 2725 2367 2786; x_wconf 88' lang='lat' dir='ltr'><strong>in</strong></span> 
     </span>
     <span class='ocr_line' id='line_1_19' title="bbox 352 2821 2375 2909; baseline 0.002 -25"><span class='ocrx_word' id='word_1_145' title='bbox 352 2842 595 2884; x_wconf 86' lang='lat' dir='ltr'><strong>summa</strong></span> <span class='ocrx_word' id='word_1_146' title='bbox 639 2824 862 2903; x_wconf 78' lang='lat' dir='ltr'><strong>pagina</strong></span> <span class='ocrx_word' id='word_1_147' title='bbox 907 2840 1041 2901; x_wconf 89' lang='lat' dir='ltr'><strong>cap.</strong></span> <span class='ocrx_word' id='word_1_148' title='bbox 1085 2823 1194 2897; x_wconf 82' lang='grc'><strong>63,</strong></span> <span class='ocrx_word' id='word_1_149' title='bbox 1238 2826 1400 2902; x_wconf 64' lang='lat' dir='ltr'><strong>“frti</strong></span> <span class='ocrx_word' id='word_1_150' title='bbox 1439 2821 1611 2901; x_wconf 74' lang='grc' dir='ltr'><em>Ρόνο</em></span> <span class='ocrx_word' id='word_1_151' title='bbox 1654 2825 1845 2885; x_wconf 80' lang='lat' dir='ltr'><strong>seudr</strong></span> <span class='ocrx_word' id='word_1_152' title='bbox 1885 2825 2073 2888; x_wconf 73' lang='lat' dir='ltr'><strong>het-ra</strong></span> <span class='ocrx_word' id='word_1_153' title='bbox 2098 2824 2375 2909; x_wconf 65' lang='lat' dir='ltr'><strong>Sigan-di</strong></span> 
     </span>
     <span class='ocr_line' id='line_1_20' title="bbox 354 2926 2367 3009; baseline 0.002 -21"><span class='ocrx_word' id='word_1_154' title='bbox 354 2928 714 3009; x_wconf 77' lang='lat' dir='ltr'><strong>lb’gmanm’‘’</strong></span> <span class='ocrx_word' id='word_1_155' title='bbox 758 2928 800 2988; x_wconf 89' lang='lat' dir='ltr'><strong>i.</strong></span> <span class='ocrx_word' id='word_1_156' title='bbox 827 2937 895 2988; x_wconf 73' lang='grc' dir='ltr'><strong>ε.</strong></span> <span class='ocrx_word' id='word_1_157' title='bbox 931 2926 1188 2986; x_wconf 88' lang='lat' dir='ltr'><strong>domino</strong></span> <span class='ocrx_word' id='word_1_158' title='bbox 1233 2926 1507 3006; x_wconf 82' lang='lat' dir='ltr'><strong>Sigurdo</strong></span> <span class='ocrx_word' id='word_1_159' title='bbox 1550 2929 1813 3008; x_wconf 82' lang='lat' dir='ltr'><strong>praetori</strong></span> <span class='ocrx_word' id='word_1_160' title='bbox 1852 2931 1929 2990; x_wconf 91' lang='lat' dir='ltr'><strong>ab</strong></span> <span class='ocrx_word' id='word_1_161' title='bbox 1956 2929 2171 2991; x_wconf 88' lang='lat' dir='ltr'><strong>Thora</strong></span> <span class='ocrx_word' id='word_1_162' title='bbox 2214 2932 2367 2993; x_wconf 90' lang='lat' dir='ltr'><strong>mis-</strong></span> 
     </span>
     <span class='ocr_line' id='line_1_21' title="bbox 352 3029 2365 3108; baseline 0.002 -17"><span class='ocrx_word' id='word_1_163' title='bbox 352 3049 480 3093; x_wconf 86' lang='lat' dir='ltr'><strong>sus.</strong></span> <span class='ocrx_word' id='word_1_164' title='bbox 566 3029 898 3092; x_wconf 87' lang='lat' dir='ltr'><strong>Posterior</strong></span> <span class='ocrx_word' id='word_1_165' title='bbox 954 3030 1303 3108; x_wconf 85' lang='lat' dir='ltr'><strong>adscriptio</strong></span> <span class='ocrx_word' id='word_1_166' title='bbox 1367 3048 1517 3091; x_wconf 85' lang='lat' dir='ltr'><strong>vero</strong></span> <span class='ocrx_word' id='word_1_167' title='bbox 1579 3031 1788 3093; x_wconf 75' lang='lat' dir='ltr'><strong>simile</strong></span> <span class='ocrx_word' id='word_1_168' title='bbox 1830 3031 2023 3108; x_wconf 82' lang='lat' dir='ltr'><strong>facit,</strong></span> <span class='ocrx_word' id='word_1_169' title='bbox 2080 3035 2365 3096; x_wconf 88' lang='lat' dir='ltr'><strong>codicem</strong></span> 
     </span>
     <span class='ocr_line' id='line_1_22' title="bbox 352 3131 2366 3213; baseline 0.002 -19"><span class='ocrx_word' id='word_1_170' title='bbox 352 3131 567 3194; x_wconf 88' lang='lat' dir='ltr'><strong>seculo</strong></span> <span class='ocrx_word' id='word_1_171' title='bbox 613 3133 859 3195; x_wconf 88' lang='lat' dir='ltr'><strong>decimo</strong></span> <span class='ocrx_word' id='word_1_172' title='bbox 902 3139 1127 3213; x_wconf 88' lang='lat' dir='ltr'><strong>quarto</strong></span> <span class='ocrx_word' id='word_1_173' title='bbox 1172 3152 1315 3194; x_wconf 84' lang='lat' dir='ltr'><strong>esse</strong></span> <span class='ocrx_word' id='word_1_174' title='bbox 1358 3134 1818 3212; x_wconf 79' lang='lat' dir='ltr'><strong>antiquiorem:</strong></span> <span class='ocrx_word' id='word_1_175' title='bbox 1867 3154 2010 3195; x_wconf 84' lang='lat' dir='ltr'><strong>nam</strong></span> <span class='ocrx_word' id='word_1_176' title='bbox 2055 3137 2122 3196; x_wconf 89' lang='lat' dir='ltr'><strong>in</strong></span> <span class='ocrx_word' id='word_1_177' title='bbox 2165 3137 2366 3198; x_wconf 88' lang='lat' dir='ltr'><strong>lslan-</strong></span> 
     </span>
     <span class='ocr_line' id='line_1_23' title="bbox 350 3236 2366 3300; baseline 0.002 -4"><span class='ocrx_word' id='word_1_178' title='bbox 350 3236 453 3296; x_wconf 86' lang='lat' dir='ltr'><strong>dia</strong></span> <span class='ocrx_word' id='word_1_179' title='bbox 495 3237 570 3296; x_wconf 91' lang='lat' dir='ltr'><strong>ab</strong></span> <span class='ocrx_word' id='word_1_180' title='bbox 614 3237 798 3297; x_wconf 85' lang='lat' dir='ltr'><strong>initio</strong></span> <span class='ocrx_word' id='word_1_181' title='bbox 845 3257 972 3298; x_wconf 88' lang='lat' dir='ltr'><strong>sec.</strong></span> <span class='ocrx_word' id='word_1_182' title='bbox 1026 3237 1128 3297; x_wconf 90' lang='grc'><strong>13.</strong></span> <span class='ocrx_word' id='word_1_183' title='bbox 1187 3236 1265 3296; x_wconf 90' lang='lat' dir='ltr'><strong>ad</strong></span> <span class='ocrx_word' id='word_1_184' title='bbox 1311 3254 1437 3296; x_wconf 87' lang='lat' dir='ltr'><strong>sec.</strong></span> <span class='ocrx_word' id='word_1_185' title='bbox 1487 3237 1588 3295; x_wconf 85' lang='lat'><strong>16.</strong></span> <span class='ocrx_word' id='word_1_186' title='bbox 1654 3237 1864 3296; x_wconf 86' lang='lat' dir='ltr'><strong>nullus</strong></span> <span class='ocrx_word' id='word_1_187' title='bbox 1921 3237 2047 3297; x_wconf 81' lang='lat' dir='ltr'><strong>fuit</strong></span> <span class='ocrx_word' id='word_1_188' title='bbox 2088 3239 2211 3300; x_wconf 91' lang='lat' dir='ltr'><strong>hoc</strong></span> <span class='ocrx_word' id='word_1_189' title='bbox 2252 3258 2366 3300; x_wconf 92' lang='lat' dir='ltr'><strong>no-</strong></span> 
     </span>
     <span class='ocr_line' id='line_1_24' title="bbox 349 3329 2363 3422; baseline 0.001 -22"><span class='ocrx_word' id='word_1_190' title='bbox 349 3342 520 3401; x_wconf 89' lang='lat' dir='ltr'><strong>mine</strong></span> <span class='ocrx_word' id='word_1_191' title='bbox 564 3347 837 3419; x_wconf 68' lang='lat' dir='ltr'><strong>praetor,</strong></span> <span class='ocrx_word' id='word_1_192' title='bbox 883 3348 1122 3421; x_wconf 78' lang='lat' dir='ltr'><strong>praeter</strong></span> <span class='ocrx_word' id='word_1_193' title='bbox 1165 3329 1505 3419; x_wconf 80' lang='lat' dir='ltr'><strong>Sigurdum</strong></span> <span class='ocrx_word' id='word_1_194' title='bbox 1553 3338 1916 3401; x_wconf 83' lang='lat' dir='ltr'><strong>Gudmundi</strong></span> <span class='ocrx_word' id='word_1_195' title='bbox 1962 3341 2185 3416; x_wconf 86' lang='lat' dir='ltr'><strong>filium,</strong></span> <span class='ocrx_word' id='word_1_196' title='bbox 2233 3343 2363 3422; x_wconf 86' lang='lat' dir='ltr'><strong>qui,</strong></span> 
     </span>
     <span class='ocr_line' id='line_1_25' title="bbox 348 3444 2365 3524; baseline 0.001 -20"><span class='ocrx_word' id='word_1_197' title='bbox 348 3444 714 3506; x_wconf 84' lang='lat' dir='ltr'><strong>meridianae</strong></span> <span class='ocrx_word' id='word_1_198' title='bbox 759 3447 835 3507; x_wconf 74' lang='lat' dir='ltr'><strong>et&#39;</strong></span> <span class='ocrx_word' id='word_1_199' title='bbox 868 3446 1199 3507; x_wconf 86' lang='lat' dir='ltr'><strong>orientalis</strong></span> <span class='ocrx_word' id='word_1_200' title='bbox 1243 3444 1534 3507; x_wconf 78' lang='lat' dir='ltr'><strong>islandiae</strong></span> <span class='ocrx_word' id='word_1_201' title='bbox 1579 3450 1819 3524; x_wconf 80' lang='lat' dir='ltr'><strong>praetor</strong></span> <span class='ocrx_word' id='word_1_202' title='bbox 1860 3445 1937 3504; x_wconf 88' lang='lat' dir='ltr'><strong>ab</strong></span> <span class='ocrx_word' id='word_1_203' title='bbox 1982 3464 2143 3507; x_wconf 88' lang='lat' dir='ltr'><strong>anno</strong></span> <span class='ocrx_word' id='word_1_204' title='bbox 2178 3445 2365 3523; x_wconf 85' lang='grc'><strong>1358,</strong></span> 
     </span>
     <span class='ocr_line' id='line_1_26' title="bbox 349 3546 2363 3629; baseline 0.001 -22"><span class='ocrx_word' id='word_1_205' title='bbox 349 3548 508 3608; x_wconf 84' lang='lat' dir='ltr'><strong>obiit</strong></span> <span class='ocrx_word' id='word_1_206' title='bbox 554 3548 737 3608; x_wconf 87' lang='grc'><strong>1380.</strong></span> <span class='ocrx_word' id='word_1_207' title='bbox 827 3549 1072 3609; x_wconf 87' lang='lat' dir='ltr'><strong>Eodem</strong></span> <span class='ocrx_word' id='word_1_208' title='bbox 1134 3547 1349 3609; x_wconf 87' lang='lat' dir='ltr'><strong>seculo</strong></span> <span class='ocrx_word' id='word_1_209' title='bbox 1411 3556 1682 3627; x_wconf 85' lang='lat' dir='ltr'><strong>quatuor</strong></span> <span class='ocrx_word' id='word_1_210' title='bbox 1726 3546 1848 3608; x_wconf 92' lang='lat' dir='ltr'><strong>hoc</strong></span> <span class='ocrx_word' id='word_1_211' title='bbox 1895 3549 2149 3609; x_wconf 88' lang='lat' dir='ltr'><strong>nomine</strong></span> <span class='ocrx_word' id='word_1_212' title='bbox 2198 3568 2363 3629; x_wconf 75' lang='lat' dir='ltr'><strong>prae·</strong></span> 
     </span>
     <span class='ocr_line' id='line_1_27' title="bbox 346 3650 2361 3731; baseline 0.001 -21"><span class='ocrx_word' id='word_1_213' title='bbox 346 3657 521 3711; x_wconf 87' lang='lat' dir='ltr'><strong>tores</strong></span> <span class='ocrx_word' id='word_1_214' title='bbox 556 3651 621 3710; x_wconf 88' lang='lat' dir='ltr'><strong>in</strong></span> <span class='ocrx_word' id='word_1_215' title='bbox 648 3650 957 3730; x_wconf 82' lang='lat' dir='ltr'><strong>Norvegia</strong></span> <span class='ocrx_word' id='word_1_216' title='bbox 984 3651 1201 3712; x_wconf 83' lang='lat' dir='ltr'><strong>fuere:</strong></span> <span class='ocrx_word' id='word_1_217' title='bbox 1237 3651 1547 3730; x_wconf 83' lang='lat' dir='ltr'><strong>Sigurdus</strong></span> <span class='ocrx_word' id='word_1_218' title='bbox 1574 3652 1778 3725; x_wconf 73' lang='lat' dir='ltr'><strong>sonis,</strong></span> <span class='ocrx_word' id='word_1_219' title='bbox 1810 3656 2050 3731; x_wconf 78' lang='lat' dir='ltr'><strong>proetor</strong></span> <span class='ocrx_word' id='word_1_220' title='bbox 2067 3652 2361 3714; x_wconf 90' lang='lat' dir='ltr'><strong>Thrand-</strong></span> 
     </span>
     <span class='ocr_line' id='line_1_28' title="bbox 343 3752 2361 3833; baseline 0.002 -21"><span class='ocrx_word' id='word_1_221' title='bbox 343 3753 598 3813; x_wconf 83' lang='lat' dir='ltr'><strong>heimiae</strong></span> <span class='ocrx_word' id='word_1_222' title='bbox 644 3754 825 3813; x_wconf 77' lang='lat' dir='ltr'><strong>annis</strong></span> <span class='ocrx_word' id='word_1_223' title='bbox 858 3754 1041 3828; x_wconf 77' lang='grc'><strong>1307,</strong></span> <span class='ocrx_word' id='word_1_224' title='bbox 1095 3753 1284 3829; x_wconf 90' lang='grc'><strong>1310,</strong></span> <span class='ocrx_word' id='word_1_225' title='bbox 1333 3754 1520 3828; x_wconf 89' lang='grc'><strong>1311,</strong></span> <span class='ocrx_word' id='word_1_226' title='bbox 1569 3754 1756 3830; x_wconf 81' lang='grc'><strong>1319,</strong></span> <span class='ocrx_word' id='word_1_227' title='bbox 1805 3752 2005 3828; x_wconf 74' lang='grc'><strong>13225</strong></span> <span class='ocrx_word' id='word_1_228' title='bbox 2053 3753 2361 3833; x_wconf 83' lang='lat' dir='ltr'><strong>Sigurdus</strong></span> 
     </span>
     <span class='ocr_line' id='line_1_29' title="bbox 344 3856 2360 3937; baseline 0.001 -20"><span class='ocrx_word' id='word_1_229' title='bbox 344 3856 725 3930; x_wconf 80' lang='lat' dir='ltr'><strong>Havthoris‚</strong></span> <span class='ocrx_word' id='word_1_230' title='bbox 790 3866 1028 3937; x_wconf 84' lang='lat' dir='ltr'><strong>praetor</strong></span> <span class='ocrx_word' id='word_1_231' title='bbox 1101 3857 1429 3918; x_wconf 86' lang='lat' dir='ltr'><strong>Osloensis</strong></span> <span class='ocrx_word' id='word_1_232' title='bbox 1488 3857 1692 3932; x_wconf 79' lang='lat'><strong>1348;</strong></span> <span class='ocrx_word' id='word_1_233' title='bbox 1767 3857 2075 3937; x_wconf 82' lang='lat' dir='ltr'><strong>Sigurdus</strong></span> <span class='ocrx_word' id='word_1_234' title='bbox 2135 3857 2360 3936; x_wconf 76' lang='lat' dir='ltr'><strong>Gyrdi,</strong></span> 
     </span>
     <span class='ocr_line' id='line_1_30' title="bbox 344 3960 2361 4042; baseline 0.001 -22"><span class='ocrx_word' id='word_1_235' title='bbox 344 3967 584 4040; x_wconf 81' lang='lat' dir='ltr'><strong>praetor</strong></span> <span class='ocrx_word' id='word_1_236' title='bbox 627 3960 982 4022; x_wconf 80' lang='lat' dir='ltr'><strong>Skidiensis</strong></span> <span class='ocrx_word' id='word_1_237' title='bbox 1033 3960 1230 4036; x_wconf 82' lang='grc'><strong>13505</strong></span> <span class='ocrx_word' id='word_1_238' title='bbox 1290 3960 1597 4040; x_wconf 82' lang='lat' dir='ltr'><strong>Sigurdus</strong></span> <span class='ocrx_word' id='word_1_239' title='bbox 1643 3962 1888 4036; x_wconf 79' lang='lat' dir='ltr'><strong>Eiriki,</strong></span> <span class='ocrx_word' id='word_1_240' title='bbox 1945 3967 2183 4042; x_wconf 81' lang='lat' dir='ltr'><strong>praetor</strong></span> <span class='ocrx_word' id='word_1_241' title='bbox 2225 3963 2361 4042; x_wconf 78' lang='lat' dir='ltr'><strong>Up-</strong></span> 
     </span>
     <span class='ocr_line' id='line_1_31' title="bbox 342 4062 2360 4146; baseline 0 -24"><span class='ocrx_word' id='word_1_242' title='bbox 342 4062 666 4124; x_wconf 85' lang='lat' dir='ltr'><strong>landensis</strong></span> <span class='ocrx_word' id='word_1_243' title='bbox 714 4064 920 4140; x_wconf 76' lang='grc'><strong>13705</strong></span> <span class='ocrx_word' id='word_1_244' title='bbox 972 4072 1037 4127; x_wconf 89' lang='lat' dir='ltr'><strong>et</strong></span> <span class='ocrx_word' id='word_1_245' title='bbox 1080 4071 1317 4146; x_wconf 81' lang='lat' dir='ltr'><strong>praeter</strong></span> <span class='ocrx_word' id='word_1_246' title='bbox 1358 4064 1476 4125; x_wconf 90' lang='lat' dir='ltr'><strong>hos</strong></span> <span class='ocrx_word' id='word_1_247' title='bbox 1523 4063 1831 4144; x_wconf 82' lang='lat' dir='ltr'><strong>Sigurdus</strong></span> <span class='ocrx_word' id='word_1_248' title='bbox 1877 4063 2152 4144; x_wconf 82' lang='lat' dir='ltr'><strong>Sigvati‚</strong></span> <span class='ocrx_word' id='word_1_249' title='bbox 2194 4084 2360 4144; x_wconf 86' lang='lat' dir='ltr'><strong>prae-</strong></span> 
     </span>
     <span class='ocr_line' id='line_1_32' title="bbox 344 4162 2362 4248; baseline -0.002 -20"><span class='ocrx_word' id='word_1_250' title='bbox 344 4172 445 4229; x_wconf 85' lang='lat' dir='ltr'><strong>tor</strong></span> <span class='ocrx_word' id='word_1_251' title='bbox 504 4166 890 4233; x_wconf 80' lang='lat' dir='ltr'><strong>orcadensis</strong></span> <span class='ocrx_word' id='word_1_252' title='bbox 950 4168 1139 4234; x_wconf 88' lang='grc'><strong>1338.</strong></span> <span class='ocrx_word' id='word_1_253' title='bbox 1236 4168 1330 4233; x_wconf 87' lang='lat' dir='ltr'><strong>De</strong></span> <span class='ocrx_word' id='word_1_254' title='bbox 1391 4170 1593 4248; x_wconf 88' lang='lat' dir='ltr'><strong>priori</strong></span> <span class='ocrx_word' id='word_1_255' title='bbox 1659 4168 2134 4247; x_wconf 83' lang='lat' dir='ltr'><strong>adscriptione,</strong></span> <span class='ocrx_word' id='word_1_256' title='bbox 2209 4162 2362 4223; x_wconf 79' lang='lat' dir='ltr'><strong>Hoc</strong></span> 
     </span>
    </p>
   </div>
  </div>
 </body>
</html>
