2950 4709
573 356 738 445 148
1001 381 1366 431 msrouu
1421 381 1646 430 linars
1701 380 2138 431 svnnnnms.
2255 376 2577 444 cuso-87,

565 570 859 660 primum
923 564 1254 653 tentabo,
1336 569 1401 637 si
1475 565 1665 637 sorte
1730 587 1889 637 cum
1956 586 2138 658 rege
2208 565 2575 639 Sverrere

564 666 732 737 mihi
783 668 1129 758 congredi
1180 665 1412 752 liceat,
1465 688 1508 736 a
1560 687 1701 760 quo
1735 688 1890 736 cum
1932 666 2306 758 digressus
2336 667 2574 751 fuero,

564 765 706 838 huc
742 769 813 836 in
852 766 1184 860 oppidum
1216 765 1597 860 proficisci,
1651 775 1991 859 partaque
2024 769 2324 838 victoria
2351 768 2572 837 omni-

563 866 701 938 bus
756 875 1138 959 exoptatus
1199 867 1468 936 adesse
1534 870 1767 937 statui.
1868 866 2047 937 Haec
2095 869 2293 959 regis
2347 867 2575 937 oratIo

563 987 818 1058 magna
869 970 1175 1036 omnium
1225 963 1735 1037 acclamatione
1787 977 2082 1057 accepta
2135 979 2270 1051 est,
2327 967 2570 1036 dicen-

563 1068 771 1137 tium:
841 1065 1017 1136 faxit
1064 1064 1314 1151 Deus,
1365 1076 1444 1138 ut
1492 1075 1608 1151 tu,
1664 1066 1970 1151 domine,
2023 1064 2398 1137 incolumis
2452 1085 2570 1135 re-

566 1166 766 1252 deaS,
817 1186 1119 1262 quaeque
1175 1175 1409 1257 opteS,
1459 1169 1533 1235 in
1585 1166 1724 1237 boc
1775 1168 2028 1237 itinere
2083 1168 2573 1261 consequaris.

563 1264 755 1336 Dein
807 1284 943 1334 rex
1014 1263 1101 1334 ad
1156 1285 1382 1335 naves
1433 1285 1861 1356 regressuS,
1934 1265 2334 1336 discessum
2401 1264 2572 1336 tuba

564 1366 950 1458 imperavit.
1030 1363 1273 1455 Vulgo
1313 1374 1545 1434 autem
1580 1364 1929 1451 dicebant,
1983 1374 2237 1438 tantam
2288 1369 2359 1435 in
2410 1367 2573 1436 navi

565 1468 768 1559 regia
795 1466 1015 1536 visam
1054 1485 1227 1535 esse
1260 1467 1620 1535 cornicum
1663 1465 2199 1552 multitudinem,
2253 1476 2331 1536 ut
2380 1468 2570 1559 qnis-

567 1585 708 1660 que
764 1565 1032 1636 rudens
1085 1573 1457 1635 contectus
1509 1563 1755 1653 fuerit3
1809 1563 2020 1658 quale
2053 1574 2453 1658 portentum
2482 1567 2617 1635 se‘

565 1686 917 1758 nunquam
984 1673 1219 1735 anteax
1256 1666 1838 1757 conspiciendum
1901 1664 2322 1757 praebuerat.
2422 1663 2572 1735 Ve-

568 1785 787 1858 spere
841 1784 975 1835 rex
1025 1765 1341 1855 Magnus
1410 1788 1574 1835 cum
1627 1767 1813 1835 omni
1866 1763 2106 1835 classe
2160 1786 2254 1835 ex
2305 1765 2568 1859 oppido

570 1866 939 1948 discessit,
1009 1874 1316 1957 excepta
1383 1864 2191 1958 navespeculatorum,
2259 1888 2418 1960 quae
2479 1865 2569 1936 ab

568 1973 755 2035 aestu
802 1967 875 2034 in
923 1965 1123 2034 sicco
1179 1963 1529 2035 derelicta
1563 1968 1893 2059 sequenti
1927 1974 2141 2036 nocte
2179 1985 2274 2036 ex
2304 1966 2571 2060 oppido

567 2063 801 2136 solvit.
1266 2126 1269 2130 ,

616 2162 856 2260 Reqis
895 2162 1162 2260 Maym‘
1211 2163 1504 2238 boream
1553 2188 1816 2240 versus
1865 2167 2228 2239 adversus
2276 2188 2524 2263 reqem

1137 2264 1569 2340 Sverrcrem
1605 2267 1996 2362 profectio.

764 2364 886 2437 87.
960 2366 1126 2439 Rex
1177 2369 1498 2460 Magnus
1547 2369 1840 2450 boream
1891 2390 2154 2441 versus
2203 2388 2336 2461 per
2387 2367 2572 2439 freta

566 2488 705 2560 qua
756 2470 1242 2554 constituerat,
1294 2472 1672 2561 navigavit,
1732 2490 2161 2564 cursumque
2215 2471 2284 2538 in
2339 2471 2585 2539 sinum-

566 2566 998 2658 Sognicum,
1069 2578 1291 2640 vento
1340 2569 1665 2656 lentiori,
1732 2570 1966 2639 flexit..
2070 2567 2393 2660 Quorum
2446 2570 2573 2639 ad·

563 2674 783 2738 ventu
834 2665 1261 2759 Sognenses
1314 2673 1626 2760 cognito,
1679 2669 2084 2762 complures
2139 2668 2428 2763 scaphis
2478 2665 2569 2741 ad

568 2786 702 2836 eos
752 2769 1226 2858 remigarunt,
1305 2770 1747 2864 navibusque
1799 2772 2217 2841 conscensis
2269 2771 2429 2860 regi
2482 2789 2571 2839 se

566 2868 866 2937 comites
897 2868 1388 2958 adjunxerunt.
1454 2870 1547 2939 Hi
1581 2872 2006 2956 nuntiarunt,
2058 2891 2308 2961 regem
2345 2868 2571 2941 Sver-

564 2986 803 3038 terem
868 2976 1137 3061 partem
1206 2971 1568 3061 copiarum
1618 2969 2082 3042 firmissimam
2135 2993 2176 3041 a
2229 2991 2316 3040 se
2371 2970 2573 3039 dimi-

565 3067 782 3152 sisse,
833 3069 1062 3160 ipsum
1113 3070 1183 3137 in
1233 3071 1395 3141 sinu
1444 3070 1718 3141 Norico
1772 3092 1931 3140 cum
1983 3073 2233 3164 paucis
2264 3069 2574 3142 navibus

565 3164 655 3236 ad
708 3189 1009 3240 ancoras
1060 3179 1279 3255 stare,
1329 3170 1573 3264 ibique
1623 3170 1838 3243 multa
1891 3170 2246 3242 hostiliter
2277 3169 2573 3242 fecisse.

569 3264 733 3357 Quo
803 3268 1043 3341 audito
1097 3270 1508 3364 complures
1580 3290 2017 3363 magnopere
2086 3274 2318 3363 gavisi
2379 3278 2569 3356 sunt,

569 3369 936 3456 dicenteS,
1007 3392 1195 3441 nunc
1264 3371 1541 3440 demum
1622 3381 2039 3441 eventurum
2109 3371 2303 3464 quod
2357 3391 2571 3462 opor-

567 3469 849 3551 tuisset,
900 3478 979 3537 ut
1027 3467 1431 3539 turbulenta
1483 3468 1730 3541 haecce
1781 3470 2020 3555 factio,
2082 3493 2240 3564 quae
2291 3479 2399 3541 tot
2451 3470 2571 3539 da·

569 3586 728 3638 mna
776 3564 1167 3658 Norvegiae
1218 3567 1604 3655 intulisset,
1654 3579 1733 3640 ut
1781 3589 1952 3639 sero
2004 3579 2306 3663 possent
2365 3590 2573 3661 repa-

571 3667 751 3749 rari,
821 3662 990 3735 Deo
1054 3667 1430 3758 adjuvante
1504 3677 2062 3761 perverteretur.
2164 3667 2300 3740 Vir
2349 3668 2574 3762 nobili

572 3784 870 3855 genere,
921 3764 1080 3839 lvar
1129 3767 1334 3855 Elda,
1391 3773 1512 3861 qui
1563 3773 1634 3839 in
1668 3767 2137 3862 Syrstrandal
2192 3768 2575 3855 habitabat,

572 3885 731 3938 cum
786 3862 1043 3936 classis
1093 3871 1294 3960 regis
1344 3869 1597 3962 Magni
1654 3872 2234 3963 conspiceretur,
2303 3890 2587 3942 mensae-

574 3962 1003 4036 accumbens
1055 3968 1431 4040 confestim
1483 3973 1820 4056 surrexit,
1876 3978 1949 4040 et
1997 3970 2085 4040 ad
2141 3991 2393 4041 navem
2449 3969 2574 4040 de-

575 4064 889 4151 scendit3
949 4066 1117 4138 inde
1170 4069 1261 4140 ad
1311 4092 1566 4141 navem
1615 4073 1886 4162 regiam
1940 4072 2332 4161 remigavit‚
2386 4090 2576 4141 eam-

647 4195 695 4266 ¹)
732 4196 1136 4268 sudat-stranda,
1176 4199 1239 4252 G.
