2950 4709
649 315 825 402 310
1072 337 1438 387 ms‘ronm
1492 336 1716 386 uncis
1778 335 2215 387 svmumms.
2305 331 2659 400 c‚179.30‚

545 543 557 557 ⁸
653 527 850 599 multi
903 536 1389 614 morerentur,
1455 526 1900 622 complureS,
1964 529 2085 620 qui
2139 528 2347 597 vitam
2399 529 2660 597 retine-

651 628 855 714 bant,
928 630 1048 698 diu
1110 627 1358 700 morbo
1429 636 1974 699 macerarentur.
2074 625 2345 697 Reidar
2412 627 2663 698 morbo

655 730 774 798 diu
828 729 1269 799 conflictatus
1324 738 1475 816 est,
1554 731 1667 800 cui
1729 748 1862 798 rex
1926 725 2183 797 multas
2255 730 2666 798 curationes

651 828 987 901 adhibuit.
1086 827 1254 900 Rex
1303 826 1805 921 Tunsbergum
1871 829 2121 919 viginti
2170 825 2667 898 hebdomades

651 928 1069 1014 obsidebat,
1120 939 1289 1022 post
1338 951 1516 1001 vero
1569 928 1818 1023 paulo,
1882 949 2090 1022 quam
2143 949 2394 1023 rupem
2442 948 2666 1022 expu-

654 1040 921 1122 gnarat,
972 1033 1112 1100 iter
1161 1029 1325 1099 inde
1379 1031 1826 1123 comparavit.

1097 1129 1222 1200 De
1269 1128 1515 1199 morbo
1568 1132 1771 1224 regis
1824 1127 2234 1200 SverreriS.

855 1227 1022 1299 180.
1099 1227 1267 1299 Rex
1320 1227 1634 1300 Sverrer
1671 1228 2084 1321 Tunsbergi
2153 1226 2482 1300 morbum
2552 1245 2667 1293 na-

651 1339 812 1400 ctus
865 1339 1009 1414 est,
1065 1332 1179 1422 qui
1229 1332 1452 1422 primo
1506 1328 1792 1423 quidem
1847 1328 2239 1401 vehemens
2294 1349 2444 1397 uon
2501 1336 2666 1396 erat.

652 1429 897 1523 ltaque
951 1450 1085 1500 rex
1135 1432 1718 1523 septemtrionem
1769 1451 2032 1500 versus
2075 1427 2365 1520 Bergas
2425 1424 2666 1520 prose-

653 1540 813 1601 ctus
846 1541 979 1616 est,
1035 1552 1269 1624 eoque
1311 1541 1634 1623 tempore
1657 1533 1906 1623 jejunii
1940 1532 2300 1624 pervenit3
2354 1527 2667 1597 interdiu

653 1633 1053 1724 saepissime
1105 1633 1175 1698 in
1225 1633 1632 1723 posteriore
1700 1640 1901 1724 parte
1951 1632 2152 1701 navis
2203 1651 2394 1714 suae,
2471 1624 2668 1697 celsa

651 1733 724 1800 in
773 1733 1011 1823 puppi,
1055 1729 1358 1823 jacebat.
1439 1731 1715 1802 Eodem
1769 1740 2092 1824 tempore
2137 1727 2415 1799 Reidar
2469 1744 2668 1817 aeger

644 1834 906 1923 jacuit,
977 1835 1089 1902 cui
1143 1830 1377 1901 lectus
1428 1832 1518 1901 ad
1572 1831 1835 1902 celsam
1889 1833 2172 1924 puppim
2223 1850 2454 1921 super
2506 1844 2668 1896 arca

651 1929 877 2000 celsae
931 1932 1133 2003 sedis
1184 1941 1449 2002 stratus
1505 1941 1655 2019 est,
1719 1931 1908 2002 hunc
1957 1951 2090 2000 rex
2144 1930 2400 2000 eodem
2458 1927 2664 2022 plane

652 2030 892 2114 modo,
943 2052 1085 2121 quo
1135 2052 1221 2100 se
1247 2033 1496 2121 ipsum,
1550 2052 1802 2101 curare
1847 2033 2086 2123 Jussit,
2137 2050 2487 2123 saepeque
2520 2024 2665 2098 col-

654 2127 895 2222 loquia
946 2151 1100 2198 cum
1159 2149 1248 2198 eo
1302 2129 1616 2215 serebat,
1674 2141 1829 2201 erat
1874 2133 2053 2200 enim
2090 2129 2363 2200 Reidar
2413 2147 2667 2219 magna

651 2229 1042 2322 prudentia.
1157 2226 1324 2298 Rex
1391 2227 1707 2301 Sverrer
1774 2233 1846 2300 in
1911 2251 2146 2301 arcem
2210 2228 2664 2321 Bergensem

649 2349 740 2400 se
792 2329 1108 2415 contulit,
1166 2338 1239 2399 et
1288 2332 1358 2399 in
1409 2329 1672 2423 palatio
1710 2330 2167 2416 versabatur,
2239 2332 2312 2399 in
2363 2351 2509 2423 quo
2561 2325 2661 2396 le-

651 2438 815 2501 ctus
876 2433 944 2499 ei
975 2429 1262 2501 'stratus
1317 2439 1446 2500 est.
1547 2430 1692 2500 Die
1724 2431 1982 2501 Martis
2011 2431 2355 2501 secundae
2391 2429 2662 2500 hebdo-

651 2530 881 2601 madis
938 2532 1188 2622 jeJunii
1257 2529 1892 2623 quadragesimalis
1957 2552 2162 2600 mane
2226 2530 2523 2617 accidit,
2589 2535 2665 2598 ut

652 2651 830 2716 rex,
882 2633 1001 2725 qui
1052 2650 1282 2722 nuper
1330 2631 1751 2717 sudaverat,
1801 2629 2041 2701 nullos
2097 2630 2392 2700 dolores
2445 2630 2662 2701 senti-

653 2739 800 2815 ret3
854 2752 1059 2821 quam
1112 2729 1203 2800 ob
1254 2750 1409 2799 rem
1460 2730 1873 2824 complures
1908 2752 2067 2800 eum
2097 2733 2441 2815 viserunt,
2493 2750 2662 2823 pau·

654 2829 763 2897 cis
829 2837 1063 2897 tamen
1125 2836 1203 2896 ut
1269 2827 1641 2919 plurimum
1728 2831 2224 2923 praesentibus.
2344 2829 2662 2924 Cumque

652 2926 978 3020 plerique
1050 2926 1602 3013 discessissent,
1681 2927 1953 3002 Petrus
2018 2930 2252 3021 Niger
2329 2951 2488 3000 cum
2571 2949 2660 2998 eo

655 3025 1222 3120 colloquebatur,
1278 3029 1393 3097 cui
1442 3049 1578 3098 rex
1629 3033 2019 3115 somnium,
2086 3029 2279 3124 quod
2340 3031 2664 3113 vidisset,

651 3130 1025 3221 exposuit:
1096 3130 1425 3199 accessit.
1457 3130 1546 3199 a'd
1599 3150 1713 3200 me
1764 3133 1911 3216 vir,
1981 3133 2237 3223 inquit,
2304 3132 2491 3201 idem
2546 3129 2665 3224 qui

651 3227 821 3298 mihi
873 3232 1141 3321 saepius
1169 3238 1379 3299 antea
1407 3232 1752 3322 apparuit,
1803 3251 2059 3323 meque
2092 3251 2443 3322 nunquam
2483 3249 2663 3302 vana

653 3332 902 3420 specie
954 3329 1157 3416 lusit3
1212 3350 1354 3421 ego
1405 3351 1585 3402 vero
1638 3333 1905 3401 sentire
1960 3328 2126 3399 mihi
2179 3330 2497 3417 videbar,
2548 3348 2661 3400 me

653 3449 924 3518 aegrum
980 3449 1149 3499 esse
1201 3427 1615 3523 viribusque
1667 3431 2042 3501 admodum
2098 3431 2483 3501 desertum.
2550 3430 2665 3501 Ex

652 3525 794 3595 hoc
854 3548 1184 3619 quaerere
1249 3526 1416 3596 mihi
1476 3529 1811 3617 videbar,
1897 3552 2104 3625 quem
2186 3527 2302 3600 hic
2372 3531 2662 3602 morbus

655 3628 919 3696 exitum
987 3625 1355 3698 habiturus
1426 3638 1646 3699 esset.
1759 3630 1982 3701 Visus
2048 3630 2173 3701 ille
2237 3629 2405 3700 mihi
2460 3642 2662 3703 esta

652 3748 767 3796 me
823 3745 1222 3798 conversus
1274 3726 1464 3799 hunc
1515 3730 1587 3798 in
1638 3731 1920 3801 modum
1974 3730 2463 3823 respondere:
2543 3752 2660 3802 so·

654 3825 832 3913 lam,
883 3826 1238 3915 Sverrer,
1289 3834 1895 3902 resurrectionem
1961 3840 2340 3923 exspecta,
2425 3834 2662 3926 inquit.

657 3926 876 4017 Quod
927 3931 1277 4001 somnium
1331 3932 1471 4001 etsi
1523 3932 1896 4003 admodum
1936 3951 2204 4024 anceps
2257 3952 2429 4003 esse
2468 3933 2660 4003 vide-

655 4037 854 4114 atur,
908 4038 1141 4100 tamen
1192 4049 1412 4124 spero
1464 4029 1667 4118 fore,
1719 4040 1886 4128 post
1933 4031 2122 4104 hunc
2174 4031 2537 4119 sudorem,
2589 4038 2664 4103 ut
