2950 4709
315 387 670 463 atu-12.
758 388 1126 441 mer-ortu
1178 383 1405 438 nnsis
1456 387 1896 439 svnnnnms.
2166 350 2335 452 139
2367 421 2408 448 .-

313 578 562 672 ipsam,
613 596 774 647 cum
847 595 985 669 qua
1057 572 1626 647 intercedentem
1696 574 1834 646 sihi
1886 576 2332 668 cognationis

318 677 922 749 necessitudinem
973 685 1463 747 recensuerat.
1566 674 1811 769 ltaque
1855 679 2104 768 regina
2132 676 2333 747 Mar-

320 786 577 872 gareta.
622 777 714 847 de
766 775 901 846 hac
952 797 1035 846 re
1088 797 1246 846 cum
1299 795 1481 868 rege
1514 772 1876 846 Sverrere
1907 797 2133 868 agere
2188 798 2331 847 coe-³

319 881 459 973 pit,
526 876 813 948 Nicolai
874 875 1124 969 pulcra
1188 877 1540 969 promissa
1616 876 2032 947 ostendeus.
2161 875 2333 947 Rex

320 998 503 1051 vero
555 980 841 1048 invitum
895 996 981 1046 se
1032 975 1276 1047 facere
1331 976 1551 1061 dixit,
1618 985 1696 1047 ut
1764 996 1923 1046 eum
1987 974 2333 1069 ampliori,

324 1098 528 1174 quam
604 1085 846 1163 esset,
931 1074 1097 1147 loco
1168 1076 1530 1167 dignitatis
1595 1073 1936 1169 poneret,
2002 1076 2141 1147 sibi
2205 1099 2334 1149 ve-

324 1198 409 1250 ro
463 1176 693 1249 simile
748 1197 960 1262 esse,
1031 1179 1092 1247 si
1166 1197 1371 1270 quam
1435 1179 1772 1269 majorem
1820 1180 2335 1265 auctoritatem,

325 1302 529 1374 qnam
601 1286 807 1348 antea
873 1276 1281 1363 habuisset,
1362 1279 1433 1345 in
1502 1280 1858 1369 Norvegia
1930 1298 2336 1371 conseque-

324 1390 564 1465 retur,
653 1379 908 1449 eodeni
998 1380 1068 1446 in
1153 1397 1239 1447 se
1320 1379 1553 1447 animo
1637 1376 1988 1464 futurum,
2073 1399 2336 1472 neque,

326 1483 392 1551 si
479 1477 803 1571 ampliori
887 1475 1132 1563 titulo,
1231 1498 1438 1569 quam
1526 1486 1671 1547 tum
1754 1486 1991 1563 esset,
2091 1487 2335 1550 utere-

328 1588 482 1665 tur,
563 1578 934 1671 quicquam
973 1578 1056 1646 ·ei
1096 1574 1470 1646 ‘fidelitatis
1527 1596 2010 1647 accessurum.
2111 1576 2336 1668 Regi-

328 1700 420 1749 na
472 1679 735 1762 oravit,
819 1697 908 1746 ne
976 1696 1062 1748 se
1142 1676 1521 1746 adversum
1614 1674 2004 1767 praeberet3
2092 1684 2337 1748 osten·
2429 1741 2434 1748 ,

333 1779 467 1866 dit,
560 1785 891 1872 quantum
978 1776 1207 1846 damni
1277 1773 1625 1847 Nicolaus
1707 1774 2040 1863 fecisset,
2127 1779 2337 1848 amis-

332 1882 435 1949 sis
487 1880 813 1970 cognatis
866 1878 1043 1962 suiS,
1096 1878 1253 1969 ipso
1304 1877 1665 1947 adversus
1717 1896 1965 1966 regem
1993 1877 2337 1968 Magnum

333 1979 847 2062 contendente,
916 1977 1107 2069 quod
1161 1976 1483 2065 damnum
1549 1979 1642 2047 ita
1709 1974 2043 2046 facillime
2111 1999 2339 2071 posse

331 2081 687 2172 reparari,
735 2080 804 2147 si
847 2079 1234 2170 principum
1302 2079 1615 2148 virorum
1685 2079 1754 2145 iu
1823 2080 2046 2170 patria
2109 2079 2339 2149 ordini

333 2178 900 2268 adscriberetur:
955 2180 1018 2247 si
1070 2199 1262 2274 arma
1314 2180 1722 2270 posuisset,
1776 2180 2172 2272 ordineque
2223 2199 2339 2250 sa·

336 2300 463 2349 cro
513 2281 822 2362 initiatus
875 2287 1098 2363 esset,
1148 2275 1410 2347 nullam
1464 2277 1828 2369 perfidiam
1865 2288 2340 2352 ostensurum.

336 2376 542 2462 Rex,
609 2381 679 2447 ei
745 2396 829 2446 se
892 2374 1035 2445 hoc
1095 2376 1552 2462 tributurum,
1618 2376 2016 2470 pollicitus:
2051 2427 2055 2432 »
2085 2380 2343 2471 opinor

336 2487 594 2562 autem,
646 2478 890 2569 inquit,
941 2496 1084 2545 non
1136 2476 1255 2546 diu
1308 2474 1509 2561 fore,
1581 2497 1738 2545 cum
1810 2475 2341 2570 temultosque

272 2591 279 2596 “
336 2576 524 2660 alios
576 2576 788 2669 hujus
825 2577 1177 2667 poeniteat.
1278 2574 1463 2645 Post
1485 2574 1649 2645 'haec
1679 2579 2067 2670 impetratae
2118 2580 2341 2669 regiae

336 2676 589 2764 literae,
641 2697 801 2770 quae
849 2674 1222 2747 Nicolaum
1258 2678 1672 2769 episcopum
1708 2679 2112 2769 inaugurari
2131 2677 2341 2769 jube·

338 2787 533 2865 rent3
588 2778 754 2847 dein
804 2775 1104 2863 factum,
1170 2785 1251 2847 ut
1315 2775 1904 2871 archiepiscopus
1953 2776 2343 2850 ‘Nicolaum

336 2880 754 2971 episcopum
821 2878 1296 2969 inauguraret.
1427 2873 1636 2949 Circa
1698 2879 1769 2949 id
1842 2888 2123 2972 tempus
2193 2883 2345 2973 epi-

311 2999 566 3072 ‚scopo
619 2975 969 3049 Osloensi
1037 2985 1354 3064 mortuo,
1420 2975 1769 3074 Nicolaus
1835 2978 1923 3049 ab
1993 2977 2344 3071 archiepi-

337 3098 567 3172 scopo
656 3080 932 3148 veniam
1025 3081 1428 3170 impetravit
1511 3076 1873 3148 cathedrae
1955 3075 2345 3149 Osloensis

338 3178 708 3249 adeundae.
768 3219 799 3250 ,-
828 3174 1011 3247 Tum
1075 3174 1242 3269 Njal
1311 3179 1696 3270 episcopus
1763 3177 2347 3267 stavangriensis

339 3282 799 3370 inauguratus
854 3287 988 3362 est,
1041 3279 1162 3371 qui
1214 3295 1305 3346 eo
1358 3275 1525 3346 loco
1581 3279 1968 3369 episcopus
2019 3276 2166 3347 fuit.

489 3376 836 3451 Dissidia
883 3380 1079 3448 inter
1127 3398 1374 3476 reyem
1424 3384 1500 3446 et
1547 3375 2192 3474 architpiscoqmm.

546 3476 715 3548 112.
815 3469 1429 3571 Arclniepiscopus
1479 3475 1805 3571 Eirikus,
1874 3473 2034 3548 cum
2086 3477 2176 3547 ad
2230 3498 2347 3548 ca-

343 3575 694 3647 thedram
720 3575 1305 3649 Nidarosiensem
1360 3580 1839 3664 accessisset,
1903 3578 1990 3651 ab
2061 3580 2347 3673 canoni-

334 3678 450 3746 cis
503 3673 895 3745 liberaliter
947 3688 1294 3772 exceptus
1359 3689 1491 3751 est.
1607 3677 1893 3749 Deinde
1962 3699 2057 3749 ex
2123 3677 2348 3751 choro

345 3777 841 3860 concionatuS,
894 3779 1180 3867 gravius
1230 3780 1303 3845 in
1353 3775 1813 3850 Birkibeinos
1849 3782 2171 3850 invectus
2203 3788 2349 3866 est3

347 3885 422 3946 et
470 3877 701 3947 statim
756 3874 951 3946 multi
1001 3896 1096 3946 ex
1147 3876 1486 3963 militibus
1538 3886 1760 3965 erant,
1812 3881 1928 3973 qui
1983 3901 2136 3951 eam
2191 3899 2350 3949 ora-

345 3979 612 4047 tionem
681 3975 849 4046 odio
920 3975 1233 4063 hahere,
1315 3997 1547 4070 seque
1612 3980 1686 4048 in
1750 3981 1976 4072 ipsum
2047 3998 2352 4071 asperos

345 4076 676 4171 praehere
746 4078 1187 4171 inceperunt.
1286 4075 1523 4149 Multa
1571 4077 1773 4149 brevi
1824 4079 2117 4149 dissidia
2167 4080 2355 4147 inter

345 4196 597 4271 regem
649 4173 1079 4253 Sverrerem
1145 4184 1220 4250 et
1279 4175 1895 4274 archiepiscopum
1949 4180 2353 4250 extiterunt.
