2950 4709
639 371 757 480 46
945 433 955 452 2
1075 403 1438 458 msronm
1496 399 1718 460 neers
1775 403 2210 461 svnnnnmsa
2443 399 2645 476 (3.96.

641 595 968 688 cognito,
1034 593 1286 688 quales
1352 609 1436 665 se
1490 592 1821 687 Helsingi
1870 593 2383 687 praebuissent,
2448 594 2640 667 hene

637 711 925 791 quoque
992 715 1126 765 eos
1179 704 1659 787 exceperunt,
1724 703 1802 765 ut
1849 715 1983 765 rex
2033 693 2348 767 Sverrer
2397 700 2638 788 regio-

633 817 797 867 nem
846 794 936 867 ab
989 799 1265 867 oriente
1317 814 1709 888 peragrans
1758 797 2078 867 convivia
2122 796 2372 867 obiret.
2459 797 2636 868 Cum

631 916 810 969 vero
861 898 931 967 in
981 895 1603 989 septemtrionales
1653 897 1971 986 regionis
2018 905 2260 987 partes
2288 902 2639 981 venisset,

632 994 1008 1068 benevolis
1068 996 1456 1068 incolarum
1511 993 2131 1088 pollicitationibus
2182 995 2450 1085 fretus,
2529 999 2633 1069 di-

629 1100 887 1167 missas
939 1100 1184 1190 copias
1235 1099 1305 1166 in
1355 1096 1660 1188 hospitia
1710 1114 1843 1189 per
1890 1109 2056 1166 rura
2109 1097 2497 1185 distribuit,
2557 1112 2634 1171 ut

627 1201 788 1291 ipse
847 1215 989 1268 non
1055 1196 1356 1289 amplius
1420 1211 1624 1290 quam
1677 1206 1958 1266 centum
2010 1198 2253 1287 viginti
2304 1197 2633 1271 homines

627 1297 818 1390 apud
895 1317 983 1368 se
1068 1300 1431 1368 retineret.
1567 1295 1970 1390 Aliquando
2061 1299 2251 1367 circa
2328 1300 2630 1371 mediam

626 1406 907 1468 noctem
959 1400 1056 1468 ita
1106 1397 1398 1483 accidit,
1460 1405 1540 1466 ut
1588 1402 1701 1468 vir
1749 1394 2027 1490 quidam
2080 1411 2328 1490 regem
2380 1400 2629 1471 adiens

625 1500 1006 1569 certiorem
1075 1498 1385 1584 faceret,
1470 1495 1787 1583 Jamtos,
1851 1498 2077 1589 copiis
2140 1518 2234 1567 ex
2299 1495 2628 1572 orientali

623 1600 946 1691 regionis
1010 1609 1210 1692 parte
1273 1602 1688 1684 contractiS,
1760 1619 1921 1668 eum
1986 1599 2300 1691 insequi,
2367 1602 2625 1693 ipsum-

623 1720 765 1794 qne
819 1707 893 1770 et
941 1703 1350 1772 universum
1408 1701 1567 1792 ejus
1622 1700 2011 1769 exercitum
2047 1696 2624 1784 interficere'sta-

621 1801 893 1870 tuisse:
945 1805 1151 1896 cujus
1200 1800 1480 1872 consilii
1534 1819 1783 1869 omnes
1824 1796 2210 1890 praefectos
2240 1803 2626 1895 participes

623 1912 816 1970 esse.
917 1898 1086 1969 Rex
1155 1898 1515 1993 extemplo
1579 1901 1931 1981 surrexit,
1998 1917 2318 1990 suosque
2370 1921 2625 1972 somno

623 2000 974 2069 excitatos
1039 2000 1338 2069 induere
1401 2014 1592 2069 arma
1637 2001 1886 2091 jussit3
1954 2001 2182 2089 aperit
2233 2002 2344 2069 eis
2362 2051 2383 2086 ,
2451 1995 2622 2094 quid

619 2101 1066 2190 cognoverit,
1113 2120 1342 2193 seque
1394 2117 1827 2192 magnopere
1878 2099 2153 2183 timere,
2208 2119 2324 2185 ne,
2377 2103 2494 2195 qui
2547 2104 2620 2171 in

618 2216 786 2270 rura
840 2209 1042 2271 erant
1089 2198 1415 2292 profecti,
1468 2201 1783 2270 universi
1817 2195 2404 2270 interficerentur.
2481 2199 2617 2272 lta.»

617 2319 759 2393 que
811 2302 1042 2372 statim
1098 2299 1348 2370 eadem
1400 2307 1614 2371 nocte
1666 2316 1823 2370 cnm
1882 2299 2148 2390 copiis,
2217 2313 2376 2394 quae
2429 2304 2620 2373 circa·

619 2420 782 2470 eum
835 2409 1056 2486 erant,
1107 2404 1245 2471 iter
1295 2404 1364 2470 in
1418 2421 1506 2471 ea
1558 2399 1716 2471 loca
1768 2400 2010 2471 facere
2062 2402 2306 2491 coepit,
2358 2401 2618 2494 quihus

615 2503 688 2571 in
748 2499 931 2573 locis
995 2495 1275 2573 Jamtos
1344 2519 1519 2573 esse
1585 2500 1931 2571 audiebat.
2034 2494 2124 2568 Hi
2193 2509 2426 2570 autem
2478 2505 2621 2574 iter

614 2604 963 2695 tripartito
1014 2605 1292 2695 agmine
1345 2601 1695 2673 facientes
1724 2622 1971 2692 regem
2003 2603 2098 2669 ita
2128 2602 2611 2672 circumvenea

572 2709 791 2787 want,
842 2710 921 2772 ut
968 2702 1231 2794 singull
1283 2722 1445 2772 enm
1500 2723 1542 2772 e
1596 2702 1900 2772 diversis
1943 2699 2261 2792 partibus
2310 2702 2613 2793 aggredi

612 2810 931 2893 possent.
1029 2800 1259 2894 Regi,
1333 2804 1731 2872 exercitum
1784 2800 2177 2873 traducenti
2228 2814 2364 2892 pet*
2411 2800 2613 2873 lacus

611 2900 973 2992 cujusdam
1023 2902 1253 2972 sinum
1303 2903 1490 2972 inter
1538 2897 2063 2993 Undnrseyasl
2124 2910 2196 2971 et
2245 2903 2611 2972 continen-

609 3007 791 3086 tem,
859 3004 1087 3094 copiae
1153 3000 1583 3088 ‹laxator-um,
1661 3022 1988 3072 numero(
2022 2999 2215 3070 mille
2283 3000 2609 3094 quantia-

608 3103 803 3191 genti
853 3102 1310 3195 quadraginta
1359 3100 1722 3188 homineS,
1777 3109 2276 3186 occurrerunt,
2330 3120 2611 3194 eosque

609 3221 876 3273 corona
943 3202 1578 3274 circumdederunt.
1680 3201 1813 3273 Hic
1880 3223 2010 3272 rex
2066 3200 2378 3273 Sverrer
2428 3222 2609 3272 snos

606 3303 702 3372 ita
736 3301 1090 3375 allocutus
1129 3314 1272 3376 est:
1328 3305 1584 3374 eodem
1620 3301 1951 3393 symbolo
1991 3310 2065 3371 et
2091 3301 2610 3389 adhortatione,
2645 3393 2656 3398 „

605 3400 863 3493 quihus
909 3401 1188 3474 Jamtos
1239 3405 1338 3473 uti
1392 3402 1791 3488 audieritiS,
1841 3404 2202 3487 utiminor,
2275 3411 2348 3472 et
2397 3401 2607 3472 simul

605 3509 820 3593 atque
872 3504 1228 3594 poteritiS,
1290 3522 1427 3573 vos
1494 3500 1581 3572 ab
1653 3522 1897 3572 eorum
1966 3503 2122 3571 acie
2190 3511 2605 3593 segregate,

606 3608 680 3669 et
726 3602 798 3668 in
848 3599 1143 3672 insulam
1192 3621 1328 3672 vos
1377 3604 1700 3695 recipite,
1749 3603 1896 3671 acri
1948 3604 2018 3671 in
2055 3600 2309 3672 hostes
2343 3605 2606 3695 impetn

602 3708 809 3770 antea
881 3699 1082 3787 dato,
1170 3699 1503 3795 factoque
1574 3719 1707 3772 eos
1782 3700 2189 3794 depellendi
2258 3700 2604 3794 periculo.

599 3795 999 3871 Birkiheini
1063 3804 1273 3894 igitur
1342 3800 1654 3884 clamore
1709 3801 1992 3873 sublato
2044 3801 2386 3873 audacter
2434 3821 2609 3893 pro-

601 3911 1102 3988 cucurrerunt,
1161 3900 1413 3973 Jamtis
1466 3919 1600 3974 eos
1651 3903 1963 3997 undique
2015 3900 2602 3994 impugnantibus*

597 3995 997 4092 Pugnatum
1052 4010 1164 4072 est
1210 4005 1471 4074 acriter
1525 4012 1598 4074 et
1646 4002 2148 4087 vehementer,
2217 4012 2354 4071 tam
2426 4000 2600 4070 den-

599 4099 707 4168 sis
757 4102 1120 4172 nocturnis
1169 4101 1522 4188 tenebriS,
1581 4111 1663 4172 ut
1713 4101 1896 4178 alter
1946 4102 2240 4172 alterins
2292 4119 2599 4206 conspe-

669 4224 722 4293 ¹)
757 4227 1135 4304 Uultu-sejam,
1177 4228 1242 4283 B.
