2950 4709
355 385 431 454 ο.
472 381 691 454 105.6.
794 386 1163 440 niernum
1214 383 1439 436 macas
1500 383 1938 442 emanante.
2213 349 2383 444 179

349 578 595 674 jolvus
644 576 1049 671 Rognvaldi
1096 574 1325 661 filius,
1379 571 1590 647 Ottar
1636 569 1955 662 Knerra,
2008 574 2369 668 Sigurdus

356 680 806 765 DotafinnuS,
846 678 1176 748 Andreas
1205 676 1471 762 Krista‚
1500 672 1837 747 Andreas
1865 675 2162 769 Bjugus.
2224 668 2373 749 Jon

357 773 760 872 Kuflungus
812 777 1136 849 omnibus
1186 775 1662 862 Birkibeinis,
1715 780 1835 869 qui
1889 775 2173 870 quidem
2225 772 2374 851 vivi

357 890 830 975 caperentur,
875 882 1087 950 vitam
1138 876 1541 963 concessit,
1594 869 1731 948 sibi
1782 876 2153 970 subjectos
2199 895 2372 951 esse

349 982 634 1074 jubens.
687 979 830 1050 Ubi
862 998 1043 1050 vcro
1075 975 1146 1049 in
1169 977 1388 1049 verba
1422 980 1582 1069 ejus·
1608 971 1984 1070 jurandum
2023 990 2198 1067 erat,
2219 983 2373 1072 jus·
2437 1039 2440 1042 Α

349 1079 727 1173 jurandum
783 1084 871 1150 iis
923 1083 1217 1164 remisit,
1270 1099 1405 1149 eos
1452 1088 1587 1148 tam
1636 1079 1891 1170 integri
1941 1097 2114 1150 esse
2168 1077 2415 1151 animi,

364 1180 637 1265 (licens,
670 1190 747 1250 ut
777 1179 985 1250 fidem
1020 1198 1161 1250 non
1190 1182 1420 1250 minus
1448 1178 1719 1264 verhiS,
1751 1196 1952 1272 quam
1976 1183 2372 1272 jurejuran-

364 1282 458 1352 do
514 1283 738 1351 datam
780 1284 1162 1374 praestituri
1214 1280 1472 1372 forent.
1573 1272 1727 1348 Sed
1780 1283 2012 1350 statim
2048 1277 2372 1372 proxime

360 1377 765 1476 insequenti
801 1398 1116 1473 vespere
1151 1371 1549 1449 Birkibei'ni
1583 1401 1739 1450 cum
1777 1380 2010 1465 armis,
2048 1379 2193 1449 hini
2228 1391 2371 1451 ter-

363 1480 554 1568 nive,
607 1480 959 1550 interdum
1008 1477 1198 1573 quini
1246 1490 1363 1549 aut
1405 1477 1675 1572 plureS,
1728 1480 1818 1549 ad
1862 1499 2098 1550 arcem
2134 1478 2224 1550 ad
2255 1499 2371 1551 re-

366 1602 532 1672 gem
562 1575 992 1650 Svcrrerem
1025 1600 1113 1649 se
1145 1575 1632 1665 contulerunt}
1666 1595 2012 1673 maneque
2039 1577 2372 1676 sequenti

366 1700 620 1751 omnes
674 1701 715 1748 a
766 1671 1142 1771 Kussungis
1192 1678 1734 1764 abscesserant,
1799 1682 2097 1774 regique
2150 1678 2372 1752 Sver-

365 1784 511 1851 reri
563 1773 978 1864 indicarunt,
1035 1797 1174 1873 quo
1226 1788 1434 1871 pacto
1492 1795 1669 1871 pace
1726 1779 1964 1850 donati
2007 1801 2047 1850 a
2076 1772 2373 1851 Rufina-

367 1885 482 1973 gis
533 1876 856 1951 fuissent.
955 1871 1121 1964 Rex
1173 1892 1350 1950 vero
1382 1872 1698 1949 Sverrer
1746 1879 2194 1972 significavit,
2242 1875 2374 1953 010⁶

366 1999 531 2051 nem
581 1978 1010 2072 Kussungum
1080 1982 1217 2049 ista
1281 1978 1541 2072 agendi
1604 1982 1876 2051 ratione
1942 1982 2378 2069 ostendisse,

370 2101 531 2153 eum
585 2078 676 2150 ad
729 2099 984 2150 munus
1028 2082 1552 2173 imperatorium
1588 2077 1774 2150 haud
1812 2081 2144 2153 idoneum
2181 2099 2376 2164 esse.

369 2178 480 2253 Eo
536 2180 698 2251 loco
751 2172 1090 2272 Kuflungi
1152 2197 1404 2250 omnes
1453 2185 1677 2252 naves
1727 2177 2107 2254 Sverreris
2160 2199 2378 2276 cepe-

368 2290 565 2365 runt,
634 2281 968 2373 quasdam
1022 2275 1507 2365 abduxerunt,
1575 2280 1844 2374 aliquot
1892 2284 2379 2356 incenderunt.

370 2379 523 2450 His·
557 2378 904 2448 confectis
956 2377 1217 2464 rebuS,
1281 2382 1530 2465 veriti,
1599 2394 1692 2448 ne
1761 2384 1880 2473 qui
1929 2377 2259 2454 incursus
2308 2387 2382 2454 in

372 2502 460 2551 se
509 2497 693 2570 rege
736 2477 1034 2570 jubente
1091 2477 1384 2563 fierent,
1440 2491 1654 2549 nocte
1708 2479 2008 2572 quadam
2058 2476 2379 2555 tenebris

346 2579 650 2655 ,obortis
704 2593 795 2648 ex
846 2579 1110 2671 oppido
1163 2572 1712 2667 abscesserunt3
1764 2581 2040 2651 interea
2072 2600 2208 2653 rex
2237 2582 2383 2655 hoe

373 2684 562 2751 omni
613 2688 937 2771 tempore
988 2681 1059 2749 in
1112 2697 1282 2749 arce
1347 2698 1433 2749 se
1499 2675 1940 2766 continebat,
2006 2674 2182 2754 satis
2236 2705 2381 2755 ma·

374 2801 553 2871 guas
604 2780 695 2850 ad
752 2780 1213 2867 dimicandum
1267 2782 1513 2873 copias
1563 2798 1650 2850 se
1689 2778 2132 2853 haberenon
2164 2794 2382 2870 ratus.

256 2933 262 2937 ἢ
372 2879 549 2950 Inde
577 2877 722 2950 Jon
752 2878 1157 2971 Kussungus
1198 2877 1577 2950 'meridiem
1614 2898 1874 2952 versus
1902 2879 2186 2975 Bergas
2217 2906 2381 2978 pro-

373 2979 610 3052 fectus
649 2989 788 3073 est,
840 2999 1021 3072 rege
1052 2978 1413 3075 Svcrrcre
1450 2982 1521 3050 in
1553 2979 1871 3074 ‘emporio
1898 2983 2331 3056 remanente.

703 3076 826 3149 De
875 3098 1051 3174 reyc
1103 3077 1464 3150 Sem-rere
1516 3089 1587 3150 et
1639 3080 2051 3177 Knflunqis.
2179 3076 2194 3085 ’

529 3177 700 3247 106.
799 3176 1216 3271 Insequenti
1262 3197 1444 3252 vere
1496 3178 1642 3249 Jon
1674 3173 2077 3272 Kussungns
2127 3184 2385 3254 iterum

375 3275 671 3360 boream
740 3297 1005 3349 versus
1073 3277 1181 3347 in·
1224 3280 1614 3372 emporium
1690 3281 1964 3371 magnis
2040 3303 2197 3352 cum
2260 3304 2383 3354 co·-

376 3383 516 3473 piis
569 3377 963 3473 profectus,
1014 3378 1282 3472 aliquot
1329 3382 1640 3451 noctium
1670 3381 1900 3474 spatio
1935 3381 2026 3451 ad
2054 3380 2383 3454 Holmum

380 3483 629 3549 stetit,
674 3473 1131 3551 Praeccd'cnti
1174 3479 1410 3550 hieme
1440 3500 1574 3551 rex
1595 3477 1911 3553 Sverrer
1938 3490 2152 3553 totam
2187 3503 2384 3555 oram

380 3580 788 3648 maritimam
842 3584 1314 3668 exteriorem,
1382 3583 1553 3653 item
1605 3603 1801 3653 oram
1854 3583 2116 3680 oppido
2168 3606 2384 3677 supe·-

379 3680 667 3764 rim-em,
721 3678 977 3750 defixis
1027 3677 1206 3773 palis
1246 3681 1690 3753 muniendam
1734 3693 2127 3754 curaverat.
2200 3683 2383 3757 Mis-i

382 3779 489 3851 sis
551 3777 993 3850 internuntiis
1079 3798 1214 3850 rex
1274 3778 1592 3853 Sverrer
1655 3779 2033 3875 Kuflungis
2111 3788 2385 3878 copiam

383 3879 567 3951 fecit·
627 3897 876 3951 secum
942 3882 1012 3949 in
1072 3888 1269 3952 terra
1321 3878 1732 3969 dimicandi,
1788 3882 2385 3979 ·escendendique

382 3982 659 4052 veniam
694 3978 924 4068 dedit3
975 3980 1113 4051 sed
1164 4002 1288 4053 res
1338 3980 1429 4053 ad
1482 3983 1811 4054 effectum
1854 4003 1997 4054 non
2026 3988 2384 4077 pervcnit3

382 4100 543 4153 nam
579 4080 920 4176 Kuflungi
971 4100 1054 4153 re
1097 4080 1358 4156 insecta
1383 4081 1669 4179 Ber—gas
1695 4075 2180 4170 recesserunt.
2246 4079 2387 4157 Ea·
