2950 4709
519 344 524 348 ’
584 358 702 447 ffi
1023 377 1391 432 urs-roam
1444 375 1669 429 amns
1724 359 2166 429 evannum&
2389 372 2600 444 0,49,

592 561 804 636 Olavi
860 567 1206 658 pervenit,
1260 573 1335 635 et
1380 563 1795 636 Andvakam
1847 563 2071 635 inflari
2120 559 2603 654 vexillumque

592 665 773 758 erigi
831 669 1181 759 jusserat,
1258 667 1488 736 omnis
1562 662 2137 735 Birkibeinorum
2201 661 2606 746 multitudo,

589 786 752 859 quae
800 769 874 835 in
923 765 1126 837 aedes
1179 761 1455 850 Olavo,
1511 762 1765 851 Cruci,
1812 761 2119 835 Nicolao
2173 759 2480 847 dicataS,
2531 770 2609 831 et

590 868 662 935 in
713 865 945 937 aedem
995 863 1341 959 lapideam
1377 864 1822 955 confugerat,
1870 861 2216 957 multique
2250 870 2607 955 praetcrea

592 983 691 1035 ex
756 964 1018 1059 oppido
1086 964 1177 1034 ad
1247 986 1408 1036 eum
1471 972 1843 1037 venerunt.
1957 960 2125 1054 Quo
2190 960 2382 1032 facto
2448 979 2607 1045 rex,

591 1067 750 1136 acie
817 1083 1038 1157 supra
1100 1063 1333 1135 aedem
1394 1067 1702 1136 omnium
1767 1072 2169 1134 sanctorum
2238 1064 2607 1146 instructa,

593 1169 986 1236 orationem
1038 1164 1142 1234 ad·
1178 1164 1440 1234 milites
1487 1162 1762 1249 habuit,
1834 1181 2152 1256 eosque,
2216 1170 2297 1233 ut
2345 1163 2416 1229 in
2465 1157 2610 1234 hoo
2710 1157 2723 1168 “

591 1265 911 1358 praelium
981 1262 1224 1334 fidenti
1276 1267 1508 1334 animo
1560 1267 1783 1349 irent,
1850 1261 2178 1333 hortatus
2228 1266 2381 1345 'estg
2446 1280 2606 1329 nam

547 1422 552 1428 .
593 1363 874 1450 coloni,
926 1364 1185 1457 inquit,
1236 1386 1379 1456 quo
1432 1361 1682 1456 plures
1732 1370 1931 1448 sunt,
1982 1360 2124 1432 hoc
2174 1363 2511 1452 majorem
2563 1379 2609 1430 a

594 1463 802 1535 nobis
855 1462 1133 1534 cladem
1183 1465 1548 1556 accipient.
1631 1460 1809 1532 Tum
1864 1463 2183 1532 universi
2215 1457 2607 1530 Birkibeini

593 1584 738 1635 nno
793 1583 924 1636 ore
977 1561 1526 1648 conclamarunt,
1574 1562 1814 1635 ultima
1865 1558 2049 1632 mala
2100 1564 2170 1631 ei
2214 1551 2607 1654 imprecan-

594 1671 747 1750 tes,
812 1666 933 1757 qui
996 1661 1415 1735 colonorum
1480 1662 1994 1734 multitudinem
2042 1662 2362 1748 timeret3
2438 1679 2611 1731 mox

596 1764 792 1834 edito
839 1762 1154 1850 clamore
1205 1761 1497 1850 bellico,
1549 1783 1646 1834 ex
1696 1765 1852 1833 acie
1910 1764 1982 1830 in
2026 1781 2320 1855 campos
2349 1780 2608 1853 procu·

595 1870 1010 1950 currerunt,
1059 1883 1461 1956 magnoque
1513 1862 1799 1936 fremitu
1851 1871 1927 1933 et
1976 1861 2330 1947 clamore,
2379 1858 2608 1931 vehe-

596 1964 952 2055 mentique
1006 1961 1502 2034 exhortatione
1552 1966 1888 2056 impetum
1940 1964 2014 2031 in
2057 1963 2281 2032 aciem
2312 1957 2609 2031 colono-

594 2082 753 2132 rum
801 2060 1149 2133 fecerunt.
1250 2059 1349 2133 At
1399 2059 1681 2148 coloni,
1735 2061 2213 2132 exadversum
2263 2061 2609 2131 orientem

597 2158 833 2232 lucem
884 2163 1282 2247 constituti,
1350 2183 1511 2234 cum
1575 2160 1917 2235 vexillum
1979 2164 2254 2254 regium
2304 2158 2611 2230 sublime

599 2259 773 2331 ferri
817 2263 1419 2354 conspicarentur,
1472 2283 1730 2354 magno
1762 2281 2030 2355 pavore
2057 2259 2375 2354 perculsi
2404 2269 2609 2347 sunt3

597 2375 767 2432 mox
833 2360 979 2433 tela
1025 2358 1601 2433 Birkibeinorum
1674 2365 1750 2432 in.
1798 2382 1932 2433 eos
1996 2359 2318 2431 involare
2373 2380 2611 2453 coepe-

598 2471 778 2532 runt.
883 2459 1047 2551 Quo
1118 2460 1310 2533 facto
1367 2464 1487 2556 qui
1538 2465 1808 2556 primus
1858 2464 1930 2531 in
1978 2464 2138 2532 acie
2191 2459 2613 2531 colonorum

597 2564 1054 2649 constiterat,
1115 2561 1203 2633 ab
1258 2559 1396 2633 boc
1446 2566 1714 2634 initium
1765 2562 1959 2654 fugae
2009 2560 2270 2632 factum
2321 2569 2470 2647 est,
2540 2569 2617 2630 et

600 2660 947 2753 deinceps
998 2683 1180 2732 unus
1230 2671 1401 2753 post
1449 2662 1748 2732 alterum
1802 2663 1873 2730 iu
1904 2661 2135 2754 pedes
2165 2680 2254 2731 se
2284 2661 2612 2753 conjecit.

576 2758 810 2849 „Quos
859 2758 1254 2831 Birkibeini
1305 2782 1348 2831 a
1399 2770 1612 2852 tergo
1662 2761 1932 2847 adorti,
1981 2760 2338 2856 pecudum
2390 2763 2616 2829 instar

597 2858 1051 2930 trucidarunt.
1128 2857 1315 2931 Pars
1367 2859 1784 2933 colonorum
1835 2861 1927 2930 ad
1967 2880 2194 2930 naves
2223 2859 2614 2952 fugiebant,

598 2978 767 3051 pars
834 2960 908 3027 in
971 2980 1169 3030 mare
1238 2979 1324 3029 se
1390 2958 1957 3054 praecipitabant,
2045 2979 2344 3053 quorum
2414 2957 2615 3032 multi

598 3059 921 3149 periere,
988 3081 1157 3154 pars
1206 3070 1530 3132 natantes
1580 3063 1783 3154 capti.
1883 3057 2275 3130 Birkiheini
2340 3080 2474 3130 eos
2523 3043 2644 3129 ad'

597 3156 766 3231 litus
815 3160 1262 3254 pepulerunt.
1344 3160 1668 3256 Cumque
1716 3163 1922 3255 primi
1969 3158 2385 3252 fugientium
2425 3157 2618 3253 pulsi

600 3269 823 3347 crant,
875 3282 1011 3332 rex
1062 3266 1133 3332 in
1184 3283 1474 3356 campos
1527 3281 1901 3347 reversus,
1960 3262 2218 3331 itinere
2267 3263 2449 3330 intra
2498 3279 2615 3328 re·

599 3379 888 3431 cessum
941 3364 1143 3433 sinus
1211 3362 1671 3433 circumflexo
1720 3364 1795 3430 in
1846 3359 2176 3453 oppidum
2229 3359 2617 3445 contendit,
2674 3406 2689 3412 -

599 3479 744 3552 quo
797 3460 1207 3553 complures
1260 3460 1501 3532 coloni
1551 3461 1857 3531 adeum
1906 3468 2296 3544 venerunt,
2358 3457 2618 3553 quibus

601 3557 961 3645 omnibuS,
1015 3564 1134 3651 qui
1186 3562 1257 3630 in
1310 3563 1469 3652 ejus
1510 3569 1947 3653 potestatem
1997 3580 2084 3631 se
2136 3560 2618 3646 tradidissent,

601 3661 811 3729 vitam
880 3663 1260 3736 concessit.
1373 3659 1541 3730 Rex
1623 3680 1759 3753 per
1825 3661 2159 3754 oppidum
2238 3662 2617 3745 transiens,

603 3761 836 3829 omnia
910 3759 1171 3853 templa
1236 3764 1506 3854 majora
1545 3758 1939 3833 osculatus
2007 3770 2155 3848 est3
2236 3769 2386 3832 tum
2456 3759 2617 3830 dies

475 3877 488 3902 ἢ
603 3859 958 3931 illuxerat,
1052 3859 1200 3932 Jon
1248 3860 1546 3948 Kutiza,
1613 3864 1876 3956 quippe
1929 3863 2131 3932 aunis
2180 3869 2259 3930 et
2306 3875 2617 3952 corpore

606 3962 894 4052 gravis,
976 3979 1019 4030 e
1086 3960 1383 4033 navibus
1450 3968 1613 4033 non'
1661 3981 2029 4054 egressus*
2061 3970 2231 4031 erat.
2333 3958 2616 4044 Coloni,

602 4067 683 4131 ut
732 4062 1028 4153 primum
1079 4063 1371 4156 assequi
1420 4082 1648 4134 naves
1699 4069 2047 4157 poterant,
2102 4080 2146 4131 e
2196 4062 2357 4130 sinu
2403 4062 2614 4129 remi-

607 4168 895 4253 garunt,
961 4170 1038 4232 ut
1086 4164 1384 4259 quisque
1436 4164 1705 4259 primus
1757 4170 2118 4258 evaserat,
2162 4164 2256 4233 ita
2310 4161 2613 4233 maxime
2706 4181 2712 4185 ·
2820 4161 2827 4166 “
