<?xml version="1.0" encoding="UTF-8"?>
<!DOCTYPE html PUBLIC "-//W3C//DTD XHTML 1.0 Transitional//EN"
    "http://www.w3.org/TR/xhtml1/DTD/xhtml1-transitional.dtd">
<html xmlns="http://www.w3.org/1999/xhtml" xml:lang="en" lang="en">
 <head>
  <title>
</title>
<meta http-equiv="Content-Type" content="text/html;charset=utf-8" />
  <meta name='ocr-system' content='tesseract 3.04.00' />
  <meta name='ocr-capabilities' content='ocr_page ocr_carea ocr_par ocr_line ocrx_word'/>
</head>
<body>
  <div class='ocr_page' id='page_1' title='image "./scriptahistoric01unkngoog_0287.png"; bbox 0 0 2950 4709; ppageno 0'>
   <div class='ocr_carea' id='block_1_1' title="bbox 348 355 2377 454">
    <p class='ocr_par' dir='ltr' id='par_1_1' title="bbox 348 355 2377 454">
     <span class='ocr_line' id='line_1_1' title="bbox 348 355 2377 454; baseline -0.004 -20"><span class='ocrx_word' id='word_1_1' title='bbox 348 377 422 443; x_wconf 83' lang='lat' dir='ltr'><strong>c.</strong></span> <span class='ocrx_word' id='word_1_2' title='bbox 456 374 714 442; x_wconf 52' lang='lat'><strong>15859,</strong></span> <span class='ocrx_word' id='word_1_3' title='bbox 798 377 1165 430; x_wconf 61' lang='lat' dir='ltr'><strong>msa-omn</strong></span> <span class='ocrx_word' id='word_1_4' title='bbox 1218 378 1446 428; x_wconf 72' lang='lat' dir='ltr'><strong>nnms</strong></span> <span class='ocrx_word' id='word_1_5' title='bbox 1501 377 1949 430; x_wconf 58' lang='lat' dir='ltr'><strong>svnnnnms,</strong></span> <span class='ocrx_word' id='word_1_6' title='bbox 2188 355 2377 454; x_wconf 60' lang='lat' dir='ltr'><strong><em>m</em></strong></span> 
     </span>
    </p>
   </div>
   <div class='ocr_carea' id='block_1_2' title="bbox 239 560 2411 4246">
    <p class='ocr_par' dir='ltr' id='par_1_2' title="bbox 239 560 2411 4246">
     <span class='ocr_line' id='line_1_2' title="bbox 347 560 2365 660; baseline 0 -20"><span class='ocrx_word' id='word_1_7' title='bbox 347 575 535 640; x_wconf 84' lang='lat' dir='ltr'><strong>sunt.</strong></span> <span class='ocrx_word' id='word_1_8' title='bbox 636 561 790 637; x_wconf 85' lang='lat' dir='ltr'><strong>Sed</strong></span> <span class='ocrx_word' id='word_1_9' title='bbox 841 563 1070 637; x_wconf 78' lang='lat' dir='ltr'><strong>noves</strong></span> <span class='ocrx_word' id='word_1_10' title='bbox 1119 560 1511 657; x_wconf 78' lang='lat' dir='ltr'><strong>Baglorum</strong></span> <span class='ocrx_word' id='word_1_11' title='bbox 1564 564 1734 636; x_wconf 90' lang='lat' dir='ltr'><strong>ideo</strong></span> <span class='ocrx_word' id='word_1_12' title='bbox 1784 564 2083 637; x_wconf 73' lang='lat' dir='ltr'><strong>tardius·</strong></span> <span class='ocrx_word' id='word_1_13' title='bbox 2109 587 2365 660; x_wconf 80' lang='lat' dir='ltr'><strong>proce-</strong></span> 
     </span>
     <span class='ocr_line' id='line_1_3' title="bbox 350 664 2364 761; baseline 0 -22"><span class='ocrx_word' id='word_1_14' title='bbox 350 667 649 753; x_wconf 70' lang='lat' dir='ltr'><strong>debant,</strong></span> <span class='ocrx_word' id='word_1_15' title='bbox 720 667 909 760; x_wconf 85' lang='lat' dir='ltr'><strong>quod</strong></span> <span class='ocrx_word' id='word_1_16' title='bbox 961 664 1264 757; x_wconf 73' lang='lat' dir='ltr'>turgidae</span> <span class='ocrx_word' id='word_1_17' title='bbox 1315 684 1401 735; x_wconf 79' lang='lat' dir='ltr'><strong>ac</strong></span> <span class='ocrx_word' id='word_1_18' title='bbox 1451 685 1717 756; x_wconf 84' lang='lat' dir='ltr'><strong>graves</strong></span> <span class='ocrx_word' id='word_1_19' title='bbox 1769 675 2009 751; x_wconf 79' lang='lat' dir='ltr'><strong>erant,</strong></span> <span class='ocrx_word' id='word_1_20' title='bbox 2073 676 2151 738; x_wconf 86' lang='lat' dir='ltr'><strong>ut</strong></span> <span class='ocrx_word' id='word_1_21' title='bbox 2199 690 2364 761; x_wconf 80' lang='lat' dir='ltr'><strong>quae</strong></span> 
     </span>
     <span class='ocr_line' id='line_1_4' title="bbox 344 763 2363 860; baseline 0 -21"><span class='ocrx_word' id='word_1_22' title='bbox 344 776 494 839; x_wconf 82' lang='lat' dir='ltr'><strong>tota</strong></span> <span class='ocrx_word' id='word_1_23' title='bbox 544 766 984 860; x_wconf 74' lang='lat' dir='ltr'><strong>praecedenti</strong></span> <span class='ocrx_word' id='word_1_24' title='bbox 1019 763 1252 835; x_wconf 75' lang='lat' dir='ltr'><strong>hieme</strong></span> <span class='ocrx_word' id='word_1_25' title='bbox 1300 767 1506 858; x_wconf 79' lang='lat' dir='ltr'><strong>aquis</strong></span> <span class='ocrx_word' id='word_1_26' title='bbox 1538 767 2000 852; x_wconf 79' lang='lat' dir='ltr'><strong>innavissent,</strong></span> <span class='ocrx_word' id='word_1_27' title='bbox 2051 788 2363 839; x_wconf 86' lang='lat' dir='ltr'><strong>comme-</strong></span> 
     </span>
     <span class='ocr_line' id='line_1_5' title="bbox 345 863 1900 961; baseline -0.003 -22"><span class='ocrx_word' id='word_1_28' title='bbox 345 875 609 961; x_wconf 81' lang='lat' dir='ltr'><strong>atuque</strong></span> <span class='ocrx_word' id='word_1_29' title='bbox 661 875 737 937; x_wconf 87' lang='lat' dir='ltr'><strong>et</strong></span> <span class='ocrx_word' id='word_1_30' title='bbox 785 864 1003 936; x_wconf 82' lang='lat' dir='ltr'><strong>multa</strong></span> <span class='ocrx_word' id='word_1_31' title='bbox 1054 863 1296 957; x_wconf 82' lang='lat' dir='ltr'><strong>praeda</strong></span> <span class='ocrx_word' id='word_1_32' title='bbox 1348 872 1550 933; x_wconf 80' lang='lat' dir='ltr'><strong>erant</strong></span> <span class='ocrx_word' id='word_1_33' title='bbox 1601 873 1900 935; x_wconf 75' lang='lat' dir='ltr'><strong>onustae.</strong></span> 
     </span>
     <span class='ocr_line' id='line_1_6' title="bbox 422 959 2363 1059; baseline 0 -23"><span class='ocrx_word' id='word_1_34' title='bbox 422 963 783 1037; x_wconf 74' lang='lat' dir='ltr'><strong>Proelium</strong></span> <span class='ocrx_word' id='word_1_35' title='bbox 830 968 1029 1035; x_wconf 73' lang='lat' dir='ltr'><strong>inter</strong></span> <span class='ocrx_word' id='word_1_36' title='bbox 1075 985 1350 1058; x_wconf 39' lang='lat' dir='ltr'><strong>reyem—</strong></span> <span class='ocrx_word' id='word_1_37' title='bbox 1367 959 1796 1033; x_wconf 78' lang='lat' dir='ltr'><strong>Sverrerem</strong></span> <span class='ocrx_word' id='word_1_38' title='bbox 1848 972 1922 1034; x_wconf 74' lang='lat' dir='ltr'><strong>ec</strong></span> <span class='ocrx_word' id='word_1_39' title='bbox 1970 962 2275 1059; x_wconf 72' lang='lat' dir='ltr'><strong>Baqlos.</strong></span> <span class='ocrx_word' id='word_1_40' title='bbox 2358 1001 2363 1008; x_wconf 93' lang='lat'><strong>·</strong></span> 
     </span>
     <span class='ocr_line' id='line_1_7' title="bbox 552 1061 2365 1152; baseline 0.001 -17"><span class='ocrx_word' id='word_1_41' title='bbox 552 1064 720 1152; x_wconf 74' lang='lat'><strong>159.</strong></span> <span class='ocrx_word' id='word_1_42' title='bbox 821 1062 1228 1134; x_wconf 73' lang='lat' dir='ltr'><strong>Helvardus</strong></span> <span class='ocrx_word' id='word_1_43' title='bbox 1277 1061 1783 1148; x_wconf 74' lang='lat' dir='ltr'><strong>SastadensiS,</strong></span> <span class='ocrx_word' id='word_1_44' title='bbox 1835 1064 1953 1135; x_wconf 88' lang='lat' dir='ltr'><strong>ubi</strong></span> <span class='ocrx_word' id='word_1_45' title='bbox 2005 1064 2365 1138; x_wconf 68' lang='lat' dir='ltr'><strong>intellexit</strong></span> 
     </span>
     <span class='ocr_line' id='line_1_8' title="bbox 344 1162 2361 1259; baseline 0 -24"><span class='ocrx_word' id='word_1_46' title='bbox 344 1162 738 1259; x_wconf 86' lang='lat' dir='ltr'><strong>periculum</strong></span> <span class='ocrx_word' id='word_1_47' title='bbox 793 1183 991 1249; x_wconf 89' lang='lat' dir='ltr'><strong>esse,</strong></span> <span class='ocrx_word' id='word_1_48' title='bbox 1042 1183 1137 1232; x_wconf 87' lang='lat' dir='ltr'><strong>ne</strong></span> <span class='ocrx_word' id='word_1_49' title='bbox 1189 1183 1442 1233; x_wconf 86' lang='lat' dir='ltr'><strong>omnes</strong></span> <span class='ocrx_word' id='word_1_50' title='bbox 1493 1183 1714 1232; x_wconf 82' lang='lat' dir='ltr'><strong>naves</strong></span> <span class='ocrx_word' id='word_1_51' title='bbox 1766 1167 2086 1235; x_wconf 77' lang='lat' dir='ltr'><strong>maximae</strong></span> <span class='ocrx_word' id='word_1_52' title='bbox 2138 1186 2180 1234; x_wconf 82' lang='lat' dir='ltr'>a</span> <span class='ocrx_word' id='word_1_53' title='bbox 2217 1163 2361 1236; x_wconf 81' lang='lat' dir='ltr'><strong>Ba-</strong></span> 
     </span>
     <span class='ocr_line' id='line_1_9' title="bbox 341 1260 2359 1357; baseline 0.001 -23"><span class='ocrx_word' id='word_1_54' title='bbox 341 1262 485 1357; x_wconf 81' lang='lat' dir='ltr'><strong>glis</strong></span> <span class='ocrx_word' id='word_1_55' title='bbox 534 1266 1150 1357; x_wconf 82' lang='lat' dir='ltr'><strong>interciperentur,</strong></span> <span class='ocrx_word' id='word_1_56' title='bbox 1206 1260 1405 1333; x_wconf 82' lang='lat' dir='ltr'><strong>celsa</strong></span> <span class='ocrx_word' id='word_1_57' title='bbox 1454 1264 1668 1355; x_wconf 90' lang='lat' dir='ltr'><strong>puppi</strong></span> <span class='ocrx_word' id='word_1_58' title='bbox 1700 1283 2129 1349; x_wconf 82' lang='lat' dir='ltr'><strong>conscensa,</strong></span> <span class='ocrx_word' id='word_1_59' title='bbox 2176 1285 2359 1337; x_wconf 85' lang='lat' dir='ltr'><strong>suos</strong></span> 
     </span>
     <span class='ocr_line' id='line_1_10' title="bbox 338 1361 2359 1450; baseline 0 -15"><span class='ocrx_word' id='word_1_60' title='bbox 338 1363 779 1450; x_wconf 76' lang='lat' dir='ltr'><strong>adhortatuS,</strong></span> <span class='ocrx_word' id='word_1_61' title='bbox 830 1383 1085 1434; x_wconf 83' lang='lat' dir='ltr'><strong>omnes</strong></span> <span class='ocrx_word' id='word_1_62' title='bbox 1140 1383 1361 1433; x_wconf 78' lang='lat' dir='ltr'><strong>naves</strong></span> <span class='ocrx_word' id='word_1_63' title='bbox 1411 1383 1453 1431; x_wconf 81' lang='lat' dir='ltr'>a</span> <span class='ocrx_word' id='word_1_64' title='bbox 1507 1361 1733 1432; x_wconf 78' lang='lat' dir='ltr'><strong>latere</strong></span> <span class='ocrx_word' id='word_1_65' title='bbox 1782 1361 2359 1435; x_wconf 79' lang='lat' dir='ltr'><strong>Birkibeinorum</strong></span> 
     </span>
     <span class='ocr_line' id='line_1_11' title="bbox 338 1459 2359 1556; baseline 0 -22"><span class='ocrx_word' id='word_1_66' title='bbox 338 1464 616 1548; x_wconf 80' lang='lat' dir='ltr'><strong>reduci,</strong></span> <span class='ocrx_word' id='word_1_67' title='bbox 669 1471 746 1532; x_wconf 87' lang='lat' dir='ltr'><strong>et</strong></span> <span class='ocrx_word' id='word_1_68' title='bbox 794 1484 955 1556; x_wconf 82' lang='lat' dir='ltr'><strong>quae</strong></span> <span class='ocrx_word' id='word_1_69' title='bbox 989 1463 1400 1532; x_wconf 71' lang='lat' dir='ltr'><strong>novissimae</strong></span> <span class='ocrx_word' id='word_1_70' title='bbox 1444 1459 1828 1547; x_wconf 87' lang='lat' dir='ltr'><strong>ferrentur,</strong></span> <span class='ocrx_word' id='word_1_71' title='bbox 1881 1460 2011 1533; x_wconf 84' lang='lat' dir='ltr'><strong>has</strong></span> <span class='ocrx_word' id='word_1_72' title='bbox 2061 1466 2359 1555; x_wconf 89' lang='lat' dir='ltr'><strong>primum</strong></span> 
     </span>
     <span class='ocr_line' id='line_1_12' title="bbox 339 1559 2359 1654; baseline 0.001 -22"><span class='ocrx_word' id='word_1_73' title='bbox 339 1564 612 1654; x_wconf 86' lang='lat' dir='ltr'><strong>impetu</strong></span> <span class='ocrx_word' id='word_1_74' title='bbox 663 1561 855 1632; x_wconf 81' lang='lat' dir='ltr'><strong>facto</strong></span> <span class='ocrx_word' id='word_1_75' title='bbox 908 1559 1416 1630; x_wconf 79' lang='lat' dir='ltr'><strong>defensoribus</strong></span> <span class='ocrx_word' id='word_1_76' title='bbox 1464 1559 1716 1630; x_wconf 81' lang='lat' dir='ltr'><strong>nudari</strong></span> <span class='ocrx_word' id='word_1_77' title='bbox 1757 1563 1994 1651; x_wconf 73' lang='lat' dir='ltr'><strong>jussit,</strong></span> <span class='ocrx_word' id='word_1_78' title='bbox 2081 1562 2359 1636; x_wconf 79' lang='lat' dir='ltr'><strong>Navem</strong></span> 
     </span>
     <span class='ocr_line' id='line_1_13' title="bbox 319 1658 2359 1755; baseline 0 -22"><span class='ocrx_word' id='word_1_79' title='bbox 319 1672 618 1748; x_wconf 57' lang='lat' dir='ltr'><strong>nutem,</strong></span> <span class='ocrx_word' id='word_1_80' title='bbox 690 1681 851 1755; x_wconf 85' lang='lat' dir='ltr'><strong>quae</strong></span> <span class='ocrx_word' id='word_1_81' title='bbox 904 1669 1223 1731; x_wconf 82' lang='lat' dir='ltr'><strong>extrema</strong></span> <span class='ocrx_word' id='word_1_82' title='bbox 1274 1658 1440 1745; x_wconf 81' lang='lat' dir='ltr'><strong>ibat,</strong></span> <span class='ocrx_word' id='word_1_83' title='bbox 1495 1658 1805 1730; x_wconf 81' lang='lat' dir='ltr'><strong>ducebat</strong></span> <span class='ocrx_word' id='word_1_84' title='bbox 1853 1658 2108 1731; x_wconf 82' lang='lat' dir='ltr'><strong>Hakon</strong></span> <span class='ocrx_word' id='word_1_85' title='bbox 2158 1665 2359 1755; x_wconf 85' lang='lat' dir='ltr'><strong>regis</strong></span> 
     </span>
     <span class='ocr_line' id='line_1_14' title="bbox 341 1759 2358 1856; baseline 0.001 -24"><span class='ocrx_word' id='word_1_86' title='bbox 341 1760 552 1847; x_wconf 81' lang='lat' dir='ltr'><strong>filius,</strong></span> <span class='ocrx_word' id='word_1_87' title='bbox 605 1764 762 1856; x_wconf 87' lang='lat' dir='ltr'><strong>qui,</strong></span> <span class='ocrx_word' id='word_1_88' title='bbox 816 1760 1004 1854; x_wconf 80' lang='lat' dir='ltr'><strong>quod</strong></span> <span class='ocrx_word' id='word_1_89' title='bbox 1057 1762 1263 1852; x_wconf 82' lang='lat' dir='ltr'><strong>copia</strong></span> <span class='ocrx_word' id='word_1_90' title='bbox 1313 1763 1673 1830; x_wconf 89' lang='lat' dir='ltr'><strong>sociorum</strong></span> <span class='ocrx_word' id='word_1_91' title='bbox 1727 1759 2077 1831; x_wconf 79' lang='lat' dir='ltr'><strong>navalium</strong></span> <span class='ocrx_word' id='word_1_92' title='bbox 2128 1765 2358 1835; x_wconf 87' lang='lat' dir='ltr'><strong>minus</strong></span> 
     </span>
     <span class='ocr_line' id='line_1_15' title="bbox 340 1857 2357 1952; baseline 0 -18"><span class='ocrx_word' id='word_1_93' title='bbox 340 1860 664 1947; x_wconf 81' lang='lat' dir='ltr'><strong>valeret,</strong></span> <span class='ocrx_word' id='word_1_94' title='bbox 718 1880 975 1952; x_wconf 79' lang='lat' dir='ltr'><strong>agmen</strong></span> <span class='ocrx_word' id='word_1_95' title='bbox 1027 1857 1302 1933; x_wconf 76' lang='lat' dir='ltr'><strong>clausit.</strong></span> <span class='ocrx_word' id='word_1_96' title='bbox 1403 1858 1582 1929; x_wconf 85' lang='lat' dir='ltr'><strong>Cum</strong></span> <span class='ocrx_word' id='word_1_97' title='bbox 1634 1880 1815 1932; x_wconf 83' lang='lat' dir='ltr'><strong>vero</strong></span> <span class='ocrx_word' id='word_1_98' title='bbox 1866 1882 2091 1931; x_wconf 81' lang='lat' dir='ltr'><strong>naves</strong></span> <span class='ocrx_word' id='word_1_99' title='bbox 2140 1862 2357 1934; x_wconf 87' lang='lat' dir='ltr'><strong>redu-</strong></span> 
     </span>
     <span class='ocr_line' id='line_1_16' title="bbox 239 1960 2409 2054; baseline -0.001 -21"><span class='ocrx_word' id='word_1_100' title='bbox 239 2039 248 2044; x_wconf 61' lang='lat'><strong>,</strong></span> <span class='ocrx_word' id='word_1_101' title='bbox 339 1961 592 2033; x_wconf 85' lang='lat' dir='ltr'><strong>cendae</strong></span> <span class='ocrx_word' id='word_1_102' title='bbox 646 1969 918 2046; x_wconf 86' lang='lat' dir='ltr'><strong>essent,</strong></span> <span class='ocrx_word' id='word_1_103' title='bbox 971 1980 1223 2030; x_wconf 91' lang='lat' dir='ltr'><strong>omnes</strong></span> <span class='ocrx_word' id='word_1_104' title='bbox 1254 1960 1537 2054; x_wconf 84' lang='lat' dir='ltr'><strong>quidem</strong></span> <span class='ocrx_word' id='word_1_105' title='bbox 1576 1981 1796 2031; x_wconf 86' lang='lat' dir='ltr'><strong>naves</strong></span> <span class='ocrx_word' id='word_1_106' title='bbox 1830 1964 2145 2032; x_wconf 86' lang='lat' dir='ltr'><strong>minores</strong></span> <span class='ocrx_word' id='word_1_107' title='bbox 2196 1983 2356 2033; x_wconf 79' lang='lat' dir='ltr'><strong>cur·</strong></span> <span class='ocrx_word' id='word_1_108' title='bbox 2404 2016 2409 2021; x_wconf 90' lang='lat'>.</span> 
     </span>
     <span class='ocr_line' id='line_1_17' title="bbox 337 2060 2357 2154; baseline 0.001 -22"><span class='ocrx_word' id='word_1_109' title='bbox 337 2082 496 2132; x_wconf 90' lang='lat' dir='ltr'><strong>sum</strong></span> <span class='ocrx_word' id='word_1_110' title='bbox 547 2060 761 2132; x_wconf 80' lang='lat' dir='ltr'><strong>facile</strong></span> <span class='ocrx_word' id='word_1_111' title='bbox 811 2060 1460 2145; x_wconf 80' lang='lat' dir='ltr'><strong>circumduxerunt,</strong></span> <span class='ocrx_word' id='word_1_112' title='bbox 1507 2080 1731 2131; x_wconf 80' lang='lat' dir='ltr'><strong>naves</strong></span> <span class='ocrx_word' id='word_1_113' title='bbox 1780 2070 2015 2131; x_wconf 81' lang='lat' dir='ltr'><strong>autem</strong></span> <span class='ocrx_word' id='word_1_114' title='bbox 2048 2064 2357 2154; x_wconf 81' lang='lat' dir='ltr'><strong>majores</strong></span> 
     </span>
     <span class='ocr_line' id='line_1_18' title="bbox 336 2156 2357 2253; baseline 0 -22"><span class='ocrx_word' id='word_1_115' title='bbox 336 2158 730 2253; x_wconf 79' lang='lat' dir='ltr'><strong>Baglorum</strong></span> <span class='ocrx_word' id='word_1_116' title='bbox 798 2159 1174 2232; x_wconf 79' lang='lat' dir='ltr'><strong>celeritate</strong></span> <span class='ocrx_word' id='word_1_117' title='bbox 1241 2169 1476 2231; x_wconf 88' lang='lat' dir='ltr'><strong>motus</strong></span> <span class='ocrx_word' id='word_1_118' title='bbox 1530 2156 2101 2232; x_wconf 78' lang='lat' dir='ltr'><strong>Birkibeinianas</strong></span> <span class='ocrx_word' id='word_1_119' title='bbox 2161 2183 2357 2232; x_wconf 85' lang='lat' dir='ltr'><strong>exae-</strong></span> 
     </span>
     <span class='ocr_line' id='line_1_19' title="bbox 339 2257 2354 2353; baseline 0.001 -24"><span class='ocrx_word' id='word_1_120' title='bbox 339 2275 561 2353; x_wconf 77' lang='lat' dir='ltr'><strong>quare</strong></span> <span class='ocrx_word' id='word_1_121' title='bbox 614 2280 759 2330; x_wconf 93' lang='lat' dir='ltr'><strong>non</strong></span> <span class='ocrx_word' id='word_1_122' title='bbox 811 2267 1212 2353; x_wconf 87' lang='lat' dir='ltr'><strong>potuerunt.</strong></span> <span class='ocrx_word' id='word_1_123' title='bbox 1296 2257 1432 2329; x_wconf 87' lang='lat' dir='ltr'><strong>Hic</strong></span> <span class='ocrx_word' id='word_1_124' title='bbox 1486 2279 1620 2329; x_wconf 85' lang='lat' dir='ltr'><strong>rex</strong></span> <span class='ocrx_word' id='word_1_125' title='bbox 1667 2258 1965 2332; x_wconf 83' lang='lat' dir='ltr'><strong>Thordo</strong></span> <span class='ocrx_word' id='word_1_126' title='bbox 2015 2258 2354 2352; x_wconf 86' lang='lat' dir='ltr'><strong>Finngei-</strong></span> 
     </span>
     <span class='ocr_line' id='line_1_20' title="bbox 335 2357 2353 2454; baseline 0.001 -24"><span class='ocrx_word' id='word_1_127' title='bbox 335 2362 438 2430; x_wconf 81' lang='lat' dir='ltr'><strong>ris</strong></span> <span class='ocrx_word' id='word_1_128' title='bbox 499 2357 738 2444; x_wconf 80' lang='lat' dir='ltr'><strong>fratri,</strong></span> <span class='ocrx_word' id='word_1_129' title='bbox 789 2360 942 2454; x_wconf 66' lang='lat' dir='ltr'><strong>⁵qui</strong></span> <span class='ocrx_word' id='word_1_130' title='bbox 1003 2366 1147 2427; x_wconf 91' lang='lat' dir='ltr'><strong>tum</strong></span> <span class='ocrx_word' id='word_1_131' title='bbox 1215 2378 1465 2427; x_wconf 81' lang='lat' dir='ltr'><strong>navem</strong></span> <span class='ocrx_word' id='word_1_132' title='bbox 1510 2361 1808 2450; x_wconf 54' lang='lat' dir='ltr'><strong>regiam</strong></span> <span class='ocrx_word' id='word_1_133' title='bbox 1875 2358 2353 2449; x_wconf 78' lang='lat' dir='ltr'><strong>gubernabat:</strong></span> 
     </span>
     <span class='ocr_line' id='line_1_21' title="bbox 335 2454 2354 2551; baseline 0 -20"><span class='ocrx_word' id='word_1_134' title='bbox 335 2457 642 2531; x_wconf 76' lang='lat' dir='ltr'><strong>videsne</strong></span> <span class='ocrx_word' id='word_1_135' title='bbox 694 2477 947 2527; x_wconf 80' lang='lat' dir='ltr'><strong>navem</strong></span> <span class='ocrx_word' id='word_1_136' title='bbox 991 2454 1352 2542; x_wconf 75' lang='lat' dir='ltr'><strong>Halvnrdi,</strong></span> <span class='ocrx_word' id='word_1_137' title='bbox 1402 2458 1673 2551; x_wconf 74' lang='lat' dir='ltr'><strong>inquit?</strong></span> <span class='ocrx_word' id='word_1_138' title='bbox 1751 2456 2019 2548; x_wconf 77' lang='lat' dir='ltr'><strong>Quidni</strong></span> <span class='ocrx_word' id='word_1_139' title='bbox 2050 2460 2354 2549; x_wconf 79' lang='lat' dir='ltr'><strong>videam,</strong></span> 
     </span>
     <span class='ocr_line' id='line_1_22' title="bbox 339 2553 2355 2652; baseline 0.001 -23"><span class='ocrx_word' id='word_1_140' title='bbox 339 2558 647 2643; x_wconf 87' lang='lat' dir='ltr'><strong>domine,</strong></span> <span class='ocrx_word' id='word_1_141' title='bbox 699 2558 922 2650; x_wconf 80' lang='lat' dir='ltr'><strong>inquit</strong></span> <span class='ocrx_word' id='word_1_142' title='bbox 971 2554 1153 2627; x_wconf 70' lang='lat' dir='ltr'><strong>ille?</strong></span> <span class='ocrx_word' id='word_1_143' title='bbox 1254 2553 1433 2628; x_wconf 83' lang='lat' dir='ltr'><strong>Tum</strong></span> <span class='ocrx_word' id='word_1_144' title='bbox 1485 2556 1670 2627; x_wconf 80' lang='lat' dir='ltr'><strong>adeo</strong></span> <span class='ocrx_word' id='word_1_145' title='bbox 1725 2559 1912 2627; x_wconf 85' lang='lat' dir='ltr'><strong>inter</strong></span> <span class='ocrx_word' id='word_1_146' title='bbox 1960 2578 2047 2629; x_wconf 89' lang='lat' dir='ltr'><strong>se</strong></span> <span class='ocrx_word' id='word_1_147' title='bbox 2097 2580 2355 2652; x_wconf 81' lang='lat' dir='ltr'><strong>appro-</strong></span> 
     </span>
     <span class='ocr_line' id='line_1_23' title="bbox 337 2655 2354 2751; baseline 0.004 -26"><span class='ocrx_word' id='word_1_148' title='bbox 337 2659 796 2751; x_wconf 73' lang='lat' dir='ltr'><strong>pinquarent,</strong></span> <span class='ocrx_word' id='word_1_149' title='bbox 860 2664 940 2727; x_wconf 87' lang='lat' dir='ltr'><strong>ut</strong></span> <span class='ocrx_word' id='word_1_150' title='bbox 997 2665 1311 2747; x_wconf 77' lang='lat' dir='ltr'><strong>proretae</strong></span> <span class='ocrx_word' id='word_1_151' title='bbox 1382 2658 1608 2747; x_wconf 84' lang='lat' dir='ltr'><strong>regiae</strong></span> <span class='ocrx_word' id='word_1_152' title='bbox 1659 2659 1860 2728; x_wconf 81' lang='lat' dir='ltr'><strong>navis</strong></span> <span class='ocrx_word' id='word_1_153' title='bbox 1911 2655 2057 2729; x_wconf 84' lang='lat' dir='ltr'><strong>tela</strong></span> <span class='ocrx_word' id='word_1_154' title='bbox 2096 2662 2179 2729; x_wconf 72' lang='lat' dir='ltr'><strong>&#39;in</strong></span> <span class='ocrx_word' id='word_1_155' title='bbox 2229 2680 2354 2733; x_wconf 80' lang='lat' dir='ltr'><strong>ua·</strong></span> 
     </span>
     <span class='ocr_line' id='line_1_24' title="bbox 336 2755 2353 2851; baseline 0.001 -22"><span class='ocrx_word' id='word_1_156' title='bbox 336 2778 498 2829; x_wconf 89' lang='lat' dir='ltr'><strong>vem</strong></span> <span class='ocrx_word' id='word_1_157' title='bbox 569 2755 904 2827; x_wconf 77' lang='lat' dir='ltr'><strong>Hnlvardi</strong></span> <span class='ocrx_word' id='word_1_158' title='bbox 976 2758 1367 2844; x_wconf 84' lang='lat' dir='ltr'><strong>mitterent3</strong></span> <span class='ocrx_word' id='word_1_159' title='bbox 1437 2758 1638 2826; x_wconf 81' lang='lat' dir='ltr'><strong>navis</strong></span> <span class='ocrx_word' id='word_1_160' title='bbox 1689 2767 1922 2828; x_wconf 81' lang='lat' dir='ltr'><strong>autem</strong></span> <span class='ocrx_word' id='word_1_161' title='bbox 1976 2762 2178 2851; x_wconf 78' lang='lat' dir='ltr'><strong>regia</strong></span> <span class='ocrx_word' id='word_1_162' title='bbox 2229 2780 2353 2831; x_wconf 86' lang='lat' dir='ltr'><strong>ce·</strong></span> 
     </span>
     <span class='ocr_line' id='line_1_25' title="bbox 336 2853 2353 2950; baseline 0.001 -23"><span class='ocrx_word' id='word_1_163' title='bbox 336 2865 561 2927; x_wconf 79' lang='lat' dir='ltr'><strong>teram</strong></span> <span class='ocrx_word' id='word_1_164' title='bbox 629 2855 938 2927; x_wconf 81' lang='lat' dir='ltr'><strong>classem</strong></span> <span class='ocrx_word' id='word_1_165' title='bbox 1007 2853 1580 2926; x_wconf 86' lang='lat' dir='ltr'><strong>Birkiheinorum</strong></span> <span class='ocrx_word' id='word_1_166' title='bbox 1644 2854 2001 2950; x_wconf 81' lang='lat' dir='ltr'><strong>aliquanto</strong></span> <span class='ocrx_word' id='word_1_167' title='bbox 2062 2867 2353 2931; x_wconf 81' lang='lat' dir='ltr'><strong>antece-</strong></span> 
     </span>
     <span class='ocr_line' id='line_1_26' title="bbox 335 2955 2352 3050; baseline 0.001 -23"><span class='ocrx_word' id='word_1_168' title='bbox 335 2955 573 3043; x_wconf 81' lang='lat' dir='ltr'><strong>debat,</strong></span> <span class='ocrx_word' id='word_1_169' title='bbox 622 2975 861 3050; x_wconf 90' lang='lat' dir='ltr'><strong>neque</strong></span> <span class='ocrx_word' id='word_1_170' title='bbox 911 2964 1146 3026; x_wconf 80' lang='lat' dir='ltr'><strong>tamen</strong></span> <span class='ocrx_word' id='word_1_171' title='bbox 1197 2955 1513 3027; x_wconf 86' lang='lat' dir='ltr'><strong>breviori</strong></span> <span class='ocrx_word' id='word_1_172' title='bbox 1546 2977 1589 3026; x_wconf 77' lang='lat' dir='ltr'>a</span> <span class='ocrx_word' id='word_1_173' title='bbox 1620 2955 1920 3049; x_wconf 82' lang='lat' dir='ltr'><strong>reliquis</strong></span> <span class='ocrx_word' id='word_1_174' title='bbox 1948 2958 2352 3047; x_wconf 80' lang='lat' dir='ltr'><strong>intervallo,</strong></span> 
     </span>
     <span class='ocr_line' id='line_1_27' title="bbox 336 3054 2352 3151; baseline 0.001 -25"><span class='ocrx_word' id='word_1_175' title='bbox 336 3077 542 3150; x_wconf 74' lang='lat' dir='ltr'><strong>quam</strong></span> <span class='ocrx_word' id='word_1_176' title='bbox 596 3077 739 3149; x_wconf 85' lang='lat' dir='ltr'><strong>quo</strong></span> <span class='ocrx_word' id='word_1_177' title='bbox 791 3054 1011 3126; x_wconf 87' lang='lat' dir='ltr'><strong>telum</strong></span> <span class='ocrx_word' id='word_1_178' title='bbox 1063 3055 1269 3145; x_wconf 79' lang='lat' dir='ltr'><strong>adjici</strong></span> <span class='ocrx_word' id='word_1_179' title='bbox 1320 3066 1592 3147; x_wconf 82' lang='lat' dir='ltr'><strong>posset.</strong></span> <span class='ocrx_word' id='word_1_180' title='bbox 1666 3054 1745 3124; x_wconf 84' lang='lat' dir='ltr'><strong>In</strong></span> <span class='ocrx_word' id='word_1_181' title='bbox 1776 3076 1893 3142; x_wconf 87' lang='lat' dir='ltr'><strong>eo,</strong></span> <span class='ocrx_word' id='word_1_182' title='bbox 1946 3060 2166 3151; x_wconf 80' lang='lat' dir='ltr'><strong>inquit</strong></span> <span class='ocrx_word' id='word_1_183' title='bbox 2192 3079 2352 3145; x_wconf 84' lang='lat' dir='ltr'><strong>rex,</strong></span> 
     </span>
     <span class='ocr_line' id='line_1_28' title="bbox 334 3152 2351 3238; baseline 0 -12"><span class='ocrx_word' id='word_1_184' title='bbox 334 3157 568 3226; x_wconf 84' lang='lat' dir='ltr'><strong>omnis</strong></span> <span class='ocrx_word' id='word_1_185' title='bbox 635 3163 756 3224; x_wconf 84' lang='lat' dir='ltr'><strong>tua</strong></span> <span class='ocrx_word' id='word_1_186' title='bbox 821 3154 1126 3223; x_wconf 87' lang='lat' dir='ltr'><strong>vertitur</strong></span> <span class='ocrx_word' id='word_1_187' title='bbox 1190 3152 1511 3238; x_wconf 82' lang='lat' dir='ltr'><strong>fortuna,</strong></span> <span class='ocrx_word' id='word_1_188' title='bbox 1593 3162 1825 3225; x_wconf 86' lang='lat' dir='ltr'><strong>utrum</strong></span> <span class='ocrx_word' id='word_1_189' title='bbox 1879 3177 2129 3226; x_wconf 80' lang='lat' dir='ltr'><strong>navem</strong></span> <span class='ocrx_word' id='word_1_190' title='bbox 2179 3156 2351 3229; x_wconf 80' lang='lat' dir='ltr'><strong>Hal-</strong></span> 
     </span>
     <span class='ocr_line' id='line_1_29' title="bbox 333 3252 2351 3345; baseline 0.001 -20"><span class='ocrx_word' id='word_1_191' title='bbox 333 3253 539 3325; x_wconf 84' lang='lat' dir='ltr'><strong>vardi</strong></span> <span class='ocrx_word' id='word_1_192' title='bbox 590 3273 808 3324; x_wconf 90' lang='lat' dir='ltr'><strong>cursu</strong></span> <span class='ocrx_word' id='word_1_193' title='bbox 863 3252 1142 3321; x_wconf 86' lang='lat' dir='ltr'><strong>directo</strong></span> <span class='ocrx_word' id='word_1_194' title='bbox 1193 3254 1547 3342; x_wconf 80' lang='lat' dir='ltr'><strong>attingere</strong></span> <span class='ocrx_word' id='word_1_195' title='bbox 1600 3273 1867 3345; x_wconf 82' lang='lat' dir='ltr'><strong>queas3</strong></span> <span class='ocrx_word' id='word_1_196' title='bbox 1942 3254 2111 3327; x_wconf 81' lang='lat' dir='ltr'><strong>huic</strong></span> <span class='ocrx_word' id='word_1_197' title='bbox 2164 3261 2351 3328; x_wconf 83' lang='lat' dir='ltr'><strong>enim</strong></span> 
     </span>
     <span class='ocr_line' id='line_1_30' title="bbox 330 3349 2352 3443; baseline 0.001 -18"><span class='ocrx_word' id='word_1_198' title='bbox 330 3373 588 3425; x_wconf 80' lang='lat' dir='ltr'><strong>navem</strong></span> <span class='ocrx_word' id='word_1_199' title='bbox 653 3360 969 3423; x_wconf 79' lang='lat' dir='ltr'><strong>nostram</strong></span> <span class='ocrx_word' id='word_1_200' title='bbox 1044 3350 1260 3421; x_wconf 84' lang='lat' dir='ltr'><strong>hodie</strong></span> <span class='ocrx_word' id='word_1_201' title='bbox 1296 3349 1878 3443; x_wconf 79' lang='lat' dir='ltr'><strong>·applicabimuS,</strong></span> <span class='ocrx_word' id='word_1_202' title='bbox 1946 3377 2101 3425; x_wconf 80' lang='lat' dir='ltr'><strong>nam</strong></span> <span class='ocrx_word' id='word_1_203' title='bbox 2154 3360 2352 3427; x_wconf 86' lang='lat' dir='ltr'><strong>vires</strong></span> 
     </span>
     <span class='ocr_line' id='line_1_31' title="bbox 331 3450 2355 3545; baseline 0.002 -22"><span class='ocrx_word' id='word_1_204' title='bbox 331 3463 619 3524; x_wconf 75' lang='lat' dir='ltr'><strong>nostras</strong></span> <span class='ocrx_word' id='word_1_205' title='bbox 679 3474 822 3523; x_wconf 92' lang='lat' dir='ltr'><strong>non</strong></span> <span class='ocrx_word' id='word_1_206' title='bbox 885 3461 1195 3545; x_wconf 83' lang='lat' dir='ltr'><strong>superat.</strong></span> <span class='ocrx_word' id='word_1_207' title='bbox 1300 3450 1434 3521; x_wconf 84' lang='lat' dir='ltr'><strong>Cui</strong></span> <span class='ocrx_word' id='word_1_208' title='bbox 1504 3451 1665 3523; x_wconf 73' lang='lat' dir='ltr'><strong>ille:</strong></span> <span class='ocrx_word' id='word_1_209' title='bbox 1732 3451 1921 3525; x_wconf 85' lang='lat' dir='ltr'><strong>haud</strong></span> <span class='ocrx_word' id='word_1_210' title='bbox 1990 3454 2182 3527; x_wconf 81' lang='lat' dir='ltr'><strong>factu</strong></span> <span class='ocrx_word' id='word_1_211' title='bbox 2236 3465 2355 3527; x_wconf 87' lang='lat' dir='ltr'><strong>est</strong></span> 
     </span>
     <span class='ocr_line' id='line_1_32' title="bbox 335 3550 2349 3645; baseline 0.002 -24"><span class='ocrx_word' id='word_1_212' title='bbox 335 3551 666 3639; x_wconf 79' lang='lat' dir='ltr'><strong>difficile3</strong></span> <span class='ocrx_word' id='word_1_213' title='bbox 752 3550 1085 3645; x_wconf 85' lang='lat' dir='ltr'><strong>obliquus</strong></span> <span class='ocrx_word' id='word_1_214' title='bbox 1154 3554 1340 3621; x_wconf 88' lang='lat' dir='ltr'><strong>enim</strong></span> <span class='ocrx_word' id='word_1_215' title='bbox 1408 3554 1613 3623; x_wconf 80' lang='lat' dir='ltr'><strong>navis</strong></span> <span class='ocrx_word' id='word_1_216' title='bbox 1680 3562 1954 3642; x_wconf 88' lang='lat' dir='ltr'><strong>motus,</strong></span> <span class='ocrx_word' id='word_1_217' title='bbox 2039 3556 2349 3641; x_wconf 82' lang='lat' dir='ltr'><strong>domine,</strong></span> 
     </span>
     <span class='ocr_line' id='line_1_33' title="bbox 331 3649 2350 3743; baseline 0.001 -21"><span class='ocrx_word' id='word_1_218' title='bbox 331 3661 508 3722; x_wconf 86' lang='lat' dir='ltr'><strong>voto</strong></span> <span class='ocrx_word' id='word_1_219' title='bbox 562 3649 975 3743; x_wconf 84' lang='lat' dir='ltr'><strong>respondet.</strong></span> <span class='ocrx_word' id='word_1_220' title='bbox 1075 3650 1242 3723; x_wconf 85' lang='lat' dir='ltr'><strong>Rex</strong></span> <span class='ocrx_word' id='word_1_221' title='bbox 1292 3649 1612 3722; x_wconf 82' lang='lat' dir='ltr'><strong>Svcrrer</strong></span> <span class='ocrx_word' id='word_1_222' title='bbox 1664 3657 1822 3725; x_wconf 81' lang='lat' dir='ltr'><strong>navi</strong></span> <span class='ocrx_word' id='word_1_223' title='bbox 1878 3675 2034 3727; x_wconf 83' lang='lat' dir='ltr'><strong>suae</strong></span> <span class='ocrx_word' id='word_1_224' title='bbox 2089 3665 2350 3727; x_wconf 70' lang='lat' dir='ltr'><strong>nomen</strong></span> 
     </span>
     <span class='ocr_line' id='line_1_34' title="bbox 327 3749 2350 3845; baseline 0.003 -25"><span class='ocrx_word' id='word_1_225' title='bbox 327 3753 814 3844; x_wconf 83' lang='lat' dir='ltr'><strong>imposuerat,</strong></span> <span class='ocrx_word' id='word_1_226' title='bbox 870 3749 1380 3845; x_wconf 79' lang='lat' dir='ltr'><strong>Hugroamque</strong></span> <span class='ocrx_word' id='word_1_227' title='bbox 1448 3750 1877 3843; x_wconf 78' lang='lat' dir='ltr'><strong>appellarat3</strong></span> <span class='ocrx_word' id='word_1_228' title='bbox 1944 3754 2350 3826; x_wconf 74' lang='lat' dir='ltr'><strong>Halvardus</strong></span> 
     </span>
     <span class='ocr_line' id='line_1_35' title="bbox 326 3846 2351 3947; baseline 0.002 -26"><span class='ocrx_word' id='word_1_229' title='bbox 326 3871 582 3921; x_wconf 77' lang='lat' dir='ltr'><strong>navem</strong></span> <span class='ocrx_word' id='word_1_230' title='bbox 654 3849 857 3921; x_wconf 86' lang='lat' dir='ltr'><strong>duxit</strong></span> <span class='ocrx_word' id='word_1_231' title='bbox 922 3846 1266 3943; x_wconf 79' lang='lat' dir='ltr'><strong>Skalpum</strong></span> <span class='ocrx_word' id='word_1_232' title='bbox 1330 3851 1627 3937; x_wconf 79' lang='lat' dir='ltr'><strong>dictam,</strong></span> <span class='ocrx_word' id='word_1_233' title='bbox 1696 3850 1963 3924; x_wconf 89' lang='lat' dir='ltr'><strong>Petrus</strong></span> <span class='ocrx_word' id='word_1_234' title='bbox 2028 3852 2351 3947; x_wconf 88' lang='lat' dir='ltr'><strong>Steyper</strong></span> 
     </span>
     <span class='ocr_line' id='line_1_36' title="bbox 329 3948 2411 4045; baseline 0 -23"><span class='ocrx_word' id='word_1_235' title='bbox 329 3960 406 4022; x_wconf 89' lang='lat' dir='ltr'><strong>et</strong></span> <span class='ocrx_word' id='word_1_236' title='bbox 469 3951 851 4044; x_wconf 87' lang='lat' dir='ltr'><strong>Eyvindus</strong></span> <span class='ocrx_word' id='word_1_237' title='bbox 932 3950 1338 4020; x_wconf 84' lang='lat' dir='ltr'><strong>sacerdotis</strong></span> <span class='ocrx_word' id='word_1_238' title='bbox 1421 3948 1656 4022; x_wconf 82' lang='lat' dir='ltr'><strong>affinis</strong></span> <span class='ocrx_word' id='word_1_239' title='bbox 1728 3948 2345 4045; x_wconf 80' lang='lat' dir='ltr'><strong>Ognarhrandum,</strong></span> <span class='ocrx_word' id='word_1_240' title='bbox 2406 3997 2411 4004; x_wconf 82' lang='lat'><em>-</em></span> 
     </span>
     <span class='ocr_line' id='line_1_37' title="bbox 327 4046 2348 4146; baseline 0.003 -27"><span class='ocrx_word' id='word_1_241' title='bbox 327 4048 583 4122; x_wconf 81' lang='lat' dir='ltr'><strong>Hakon</strong></span> <span class='ocrx_word' id='word_1_242' title='bbox 649 4051 884 4146; x_wconf 26' lang='lat' dir='ltr'><strong>regis,</strong></span> <span class='ocrx_word' id='word_1_243' title='bbox 916 4046 1103 4121; x_wconf 88' lang='lat' dir='ltr'><strong>filius</strong></span> <span class='ocrx_word' id='word_1_244' title='bbox 1166 4048 1554 4135; x_wconf 82' lang='lat' dir='ltr'><strong>Vidsiam,.</strong></span> <span class='ocrx_word' id='word_1_245' title='bbox 1605 4049 1978 4145; x_wconf 87' lang='lat' dir='ltr'><strong>Philippus</strong></span> <span class='ocrx_word' id='word_1_246' title='bbox 2049 4054 2348 4146; x_wconf 81' lang='lat' dir='ltr'><strong>dynasta</strong></span> 
     </span>
     <span class='ocr_line' id='line_1_38' title="bbox 309 4147 2349 4246; baseline 0.002 -25"><span class='ocrx_word' id='word_1_247' title='bbox 309 4147 671 4246; x_wconf 69' lang='lat' dir='ltr'><strong>,Hjalpam</strong></span> <span class='ocrx_word' id='word_1_248' title='bbox 771 4148 1060 4224; x_wconf 82' lang='lat' dir='ltr'><strong>Interim</strong></span> <span class='ocrx_word' id='word_1_249' title='bbox 1126 4151 1332 4244; x_wconf 82' lang='lat' dir='ltr'><strong>regia</strong></span> <span class='ocrx_word' id='word_1_250' title='bbox 1392 4153 1593 4224; x_wconf 85' lang='lat' dir='ltr'><strong>navis</strong></span> <span class='ocrx_word' id='word_1_251' title='bbox 1647 4162 1722 4225; x_wconf 82' lang='lat' dir='ltr'><strong>et</strong></span> <span class='ocrx_word' id='word_1_252' title='bbox 1772 4150 2110 4234; x_wconf 76' lang='lat' dir='ltr'><strong>Hal-vardi</strong></span> <span class='ocrx_word' id='word_1_253' title='bbox 2160 4156 2349 4226; x_wconf 88' lang='lat' dir='ltr'><strong>inter</strong></span> 
     </span>
    </p>
   </div>
  </div>
 </body>
</html>
