2950 4709
583 368 703 456 98
1019 393 1388 442 ΗιετοιιιΛ
1440 390 1666 442 m-:ms
1721 390 2158 443 svnnmzms.
2271 389 2593 459 c‚56-53.

587 577 781 670 prius
833 596 1246 668 expugnare
1298 597 1443 648 non
1495 583 1897 668 potuerunt,
1951 597 2156 669 quam
2187 579 2349 646 eum
2385 585 2598 647 conto

586 679 660 746 in
710 686 924 770 prora
973 685 1260 768 arrepto
1312 678 1867 767 percussissent,
1921 697 2062 769 quo
2116 675 2303 746 facto
2348 697 2601 766 magna

587 796 748 846 cum
807 774 1019 846 laude
1071 774 1502 846 fortitudinis
1556 774 1904 844 occubuit.
2005 773 2167 846 Hoc
2218 774 2382 845 loco
2436 774 2599 845 Bir-

585 874 855 946 kibeini
936 874 1344 967 complures
1430 894 1658 945 naves
1745 883 2275 966 expugnarunt,
2361 867 2601 945 multis

585 997 900 1047 suorum·
931 977 1236 1059 amissiS,
1287 983 1480 1045 totus
1529 992 1709 1045 vero
1767 977 2132 1045 exercitus
2181 975 2432 1067 Magni
2483 995 2599 1044 re-
2682 981 2689 984 i

585 1078 701 1167 gis
755 1082 1054 1147 unacum
1105 1077 1263 1165 ipso
1317 1073 1608 1165 aufugit.

1108 1173 1232 1243 De
1291 1171 1513 1243 Ormo
1563 1175 1767 1267 reyis
1810 1167 2076 1266 fratre.
2578 1229 2586 1236 .

788 1273 908 1346 57.
1013 1272 1279 1344 Ormus
1332 1276 1532 1365 regis
1585 1272 1843 1358 frater,
1886 1273 2089 1367 quod
2140 1283 2399 1343 'navem
2452 1294 2593 1343 ma-

586 1374 949 1467 gnitudine
1005 1383 1078 1444 et
1129 1376 1473 1464 gravitate
1529 1373 1618 1441 ad
1670 1374 2157 1464 remigandum
2210 1373 2596 1443 tardiorem

414 1549 419 1562 ,
509 1475 516 1480 ’
584 1474 920 1560 babebat,
969 1473 1059 1545 ad
1114 1472 1552 1544 Gravdalum
1605 1472 1893 1565 appulit,
1947 1493 2181 1565 eoque
2221 1470 2386 1544 loco
2443 1494 2601 1544 cum

586 1575 913 1646 omnibus
978 1577 1132 1645 suis
1183 1594 1565 1664 egressus
1637 1582 1772 1643 est.
1884 1571 2281 1642 Birkibeini
2350 1594 2602 1643 navem

587 1684 663 1746 et
732 1677 1000 1759 omnia,
1070 1695 1230 1767 quae
1294 1676 1365 1742 in
1420 1687 1509 1743 ea
1563 1685 1801 1758 erant,
1871 1683 2249 1764 ceperunt,
2319 1673 2604 1765 quidam

584 1776 895 1845 montem
965 1774 1055 1844 ad
1107 1770 1402 1843 Ormum
1468 1773 2048 1866 persequendum
2107 1793 2334 1842 cursu
2386 1775 2601 1844 citato

584 1877 964 1967 petierunt.
1066 1871 1243 1959 Ille,
1296 1876 1555 1965 quippe
1608 1893 1916 1964 corpore
1969 1875 2277 1963 gravior,
2327 1894 2367 1942 a
2422 1873 2600 1943 duo-

585 1971 725 2043 bus
756 1971 1166 2044 ducebatur.
1248 1969 1455 2062 Quos
1493 1975 1959 2063 insequentes
1995 1970 2386 2041 Birkibeini
2438 1994 2600 2043 cum

585 2067 1153 2165 adpropinquare
1206 2074 1617 2163 coepissent,
1670 2067 1963 2157 OrmnS,
2015 2071 2293 2163 dirupta
2311 2065 2622 2164 grandi„

587 2194 792 2265 quam
844 2175 913 2242 in
964 2174 1199 2242 cinctu
1250 2169 1586 2262 gerebat,
1639 2191 2013 2257 crumena,
2066 2182 2436 2262 argentum
2493 2172 2598 2244 ef-

590 2271 784 2342 fudit.
887 2270 1405 2373 Speculatores
1457 2271 1735 2364 quidam
1789 2292 1885 2340 ex
1933 2268 2403 2357 Birkibeinis,
2428 2281 2441 2292 ‘
2471 2277 2599 2367 ‘qui

586 2374 888 2465 proximi
940 2381 1179 2459 erant,
1246 2381 1615 2462 argentum
1673 2381 2169 2464 exceperunt3'
2214 2375 2330 2443 cui
2394 2373 2597 2444 colli-

589 2473 828 2565 gendo
882 2473 1045 2542 dum
1095 2471 1662 2556 immorabantur,
1716 2468 1982 2541 Ormus
2037 2492 2078 2541 e
2123 2472 2439 2543 manibus
2471 2494 2597 2544 eo·-

586 2593 742 2641 rum
793 2575 865 2640 in
914 2582 1223 2642 montem
1278 2574 1542 2658 evasit,
1608 2571 1710 2641 illi
1763 2592 1844 2641 re
1898 2570 2158 2642 infecta
2208 2572 2596 2644 redierunt.

584 2670 753 2741 Rex
784 2669 1094 2741 Sverrer
1122 2668 1621 2762 speculatores
1657 2674 1971 2762 graviter
2001 2673 2374 2765 increpuit,
2403 2673 2596 2765 quod

586 2767 881 2841 Ormum
937 2770 1258 2860 effugere
1312 2773 1511 2862 passi
1562 2769 1887 2855 fuissent,
1942 2770 2102 2840 dum
2155 2774 2290 2864 ipsi
2323 2771 2416 2842 ob
2468 2772 2595 2843 ali-

506 2949 510 2956 ,
586 2877 760 2962 quot
809 2878 1199 2960 argenteos
1250 2868 1582 2939 numulos
1633 2890 1767 2961 per
1815 2869 2120 2960 virgulta
2155 2875 2400 2963 pronis
2435 2894 2594 2944 cor-

586 2968 884 3061 poribus
935 2969 1355 3060 repsissent.
1438 2966 1836 3040 Birkibeini
1884 2969 2300 3043 vulneribus
2338 2982 2411 3043 et
2441 2976 2594 3043 icti-

584 3067 723 3139 bus
775 3067 960 3139 adeo
1014 3066 1465 3154 laborabant,
1530 3079 1608 3141 ut
1669 3070 2104 3161 fugientibus
2155 3070 2440 3163 longius
2490 3076 2594 3142 in-

585 3170 839 3241 stando
892 3171 1090 3240 vires
1140 3190 1283 3239 non
1332 3179 1816 3262 suppeterent.
1919 3169 2050 3240 Hic
2104 3172 2596 3264 duodeviginti

584 3291 812 3340 naves
839 3270 1088 3361 Magni
1138 3273 1337 3360 regis
1366 3280 1608 3364 captas
1647 3275 1718 3341 in
1751 3271 2082 3365 oppidum
2115 3272 2594 3363 deduxerunt3

588 3370 845 3439 eodem
893 3367 1144 3460 praelio
1196 3391 1448 3459 magna
1499 3373 1743 3463 praeda
1792 3373 2004 3463 potiti
2039 3381 2227 3456 sunt,
2280 3392 2372 3443 eo
2410 3377 2595 3443 enim

455 3556 466 3560 ³
584 3477 910 3559 tempore
976 3487 1109 3535 rex
1170 3467 1484 3557 Magnus
1547 3473 1851 3561 pecunia
1918 3468 2329 3542 abundabat.
2429 3472 2595 3543 Rex
2658 3522 2665 3527 .

585 3564 899 3636 Sverrer
948 3563 1231 3659 paulum
1282 3568 1350 3633 in
1404 3570 1666 3660 oppido
1705 3579 2361 3658 commoratus-est3
2414 3593 2592 3643 suos

581 3669 656 3737 in
707 3685 957 3751 naveS,
1009 3685 1184 3758 quas
1235 3668 1393 3757 regi
1420 3666 1696 3758 Magno
1752 3672 2133 3761 eripuerat,
2185 3670 2275 3739 ad
2327 3672 2591 3762 guber·-

582 3766 887 3836 nandum
944 3763 1324 3853 distribuit3
1381 3769 1665 3840 emissis
1718 3768 2323 3863 exploratoribus
2340 3774 2593 3844 itinera

585 3868 785 3957 regis
834 3864 1086 3956 Magni
1139 3865 1589 3938 observabat.

586 3962 762 4038 Rex
810 3963 1161 4084 Magnus·
1172 3962 1499 4062 Beryas,
1548 3967 1690 4038 rex
1725 3961 2046 4041 Sverrer
2093 3965 2383 4041 boream
2432 3992 2593 4041 ver-

950 4086 1085 4137 sus
1130 4067 1213 4135 in
1262 4071 1660 4161 emporium
1693 4071 2217 4163 proficiscitur.

787 4162 908 4235 58.
1007 4162 1177 4238 Rex
1225 4164 1551 4261 Magnus
1627 4172 1883 4244 itinere
1968 4191 2112 4240 non
2185 4172 2590 4244 intermisso
