2950 4709
359 363 436 429 c.
470 359 612 426 163.
801 366 1170 418 ms‘ronm
1223 367 1450 418 unels
1510 368 1947 420 svnnunms.
2199 342 2380 437 aess

362 555 678 641 sidebat,
748 557 1008 627 eximia
1060 555 1349 627 indutus
1399 553 1663 642 lorica,
1731 556 1848 627 cui
1899 554 2166 626 firmum
2218 554 2377 627 tho-

363 679 603 732 racem
655 657 1227 748 superinduerat,
1282 663 1607 726 extremo
1652 654 1870 727 rubro
1903 654 2210 752 amiculo
2239 658 2377 726 cir-

362 756 756 841 cumdatuS,
808 753 1037 827 laxam
1082 756 1434 832 cassidem
1471 754 1918 848 chalybeam,
1970 755 2159 849 quali
2190 755 2378 826 Ger-

361 860 546 928 mani
578 864 888 942 utuntur,
941 860 1173 951 capite
1205 876 1501 948 gerenS,
1537 854 1933 948 subterque
1965 852 2382 942 cudoneml,

363 951 607 1049 gladio
676 977 720 1026 a
785 953 1015 1027 latere
1089 959 1404 1041 cinctus,
1474 976 1749 1046 gaesum
1815 976 2021 1026 manu
2084 967 2380 1044 tenens3

361 1059 522 1150 ipse
572 1059 759 1128 inter
805 1059 1075 1148 primos
1128 1056 1526 1150 equitabat,
1592 1064 1670 1126 ut
1721 1075 1951 1148 equus
2000 1064 2205 1128 scuta
2255 1075 2379 1126 co-

364 1154 693 1228 lonorum
746 1166 1046 1249 pectore
1097 1158 1500 1247 attingeret,
1600 1153 1996 1229 Birkibeiui
2047 1153 2134 1227 ab
2187 1163 2381 1226 utro-

363 1278 508 1352 que
562 1254 791 1327 latere
845 1258 1004 1349 ejus
1044 1256 1408 1328 destrictis
1444 1255 1705 1349 gladiis
1738 1264 2190 1350 proruerunt,
2240 1264 2380 1326 tam

364 1378 606 1430 acrem
657 1358 731 1426 in
779 1356 1085 1429 colonos
1135 1359 1472 1450 impetum
1524 1356 1897 1441 facientes,
1948 1365 2027 1427 ut
2077 1358 2197 1448 qui
2240 1357 2379 1447 pri-

359 1460 457 1531 mi
525 1465 762 1541 erant,
828 1460 894 1528 si
963 1455 1260 1543 liceret,
1329 1458 1760 1528 remotiores
1832 1474 2006 1525 esse
2074 1453 2385 1525 libenter

365 1565 739 1650 cuperent,
788 1576 1001 1628 nemo
1052 1553 1353 1627 alterum
1404 1555 1828 1649 praecedere
1878 1553 2122 1627 vellet.
2198 1552 2383 1627 Hinc

367 1655 734 1749 extemplo
781 1665 1070 1749 strages
1121 1658 1191 1726 in
1243 1654 1552 1728 colonos
1582 1674 1830 1742 versa3
1881 1654 2228 1749 quosdam
2258 1677 2383 1748 pa·
2444 1681 2447 1688 ·

367 1778 506 1829 vor
555 1760 954 1852 occupavit,
1011 1758 1349 1829 universa
1401 1754 1842 1828 multitudine
1891 1757 1962 1825 in
2012 1756 2246 1849 pedes
2295 1775 2383 1827 se

366 1859 797 1950 conjiciente
851 1866 926 1928 et
973 1878 1109 1951 per
1159 1859 1500 1930 interiora
1565 1856 1657 1927 ad
1708 1875 1974 1949 pascua
2025 1855 2386 1927 Akrensia
2469 1881 2477 1893 =

367 1957 729 2029 tendente.
844 1955 1169 2049 Quorum
1222 1959 1450 2049 tergis
1501 1955 1939 2028 inhaerentes
1988 1953 2383 2028 Birkibeini

365 2058 851 2133 incommodas
901 2057 1152 2152 plagas
1202 2059 1632 2144 inflixerunt,
1687 2065 1762 2127 et
1799 2057 1889 2127 ad
1926 2066 2183 2128 terram
2218 2077 2381 2128 ver«.

364 2178 495 2229 sus
546 2161 884 2230 interiora
935 2161 1302 2253 persecuti
1352 2167 1537 2230 sunt.
1639 2156 1774 2228 Hic
1821 2155 2233 2250 complures
2286 2177 2388 2227 ex

366 2256 648 2329 colonis
717 2259 1019 2350 dejecti,
1101 2262 1403 2351 sparsim
1476 2278 1611 2351 per
1675 2256 1979 2349 glaciem
2032 2251 2382 2349 jacebant.

311 2439 316 2446 ,
366 2355 431 2426 T
435 2356 977 2450 unsbergenses
1048 2367 1120 2427 et
1187 2377 1337 2428 orae
1405 2360 1768 2429 maritimae
1820 2357 2090 2428 accolae
2144 2354 2384 2428 classe

368 2459 598 2529 sinum
649 2460 952 2542 invecti,
1020 2456 1315 2528 navibus
1374 2459 1468 2529 ad
1521 2456 1956 2550 crepidinem
2008 2455 2383 2549 glacialem

367 2555 721 2651 appulsis,
775 2559 1062 2649 egressi
1118 2566 1353 2646 erant3
1423 2578 1584 2652 quae
1639 2559 1897 2648 ingens
1950 2566 2105 2629 erat
2151 2556 2382 2628 multi-

366 2658 543 2730 tudo
594 2657 927 2751 beneque
980 2657 1068 2728 ab
1121 2659 1335 2728 armis
1386 2661 1769 2743 instructa,
1835 2667 1914 2728 ut
1963 2659 2081 2751 qui
2135 2667 2385 2729 essent

365 2767 616 2853 patres
668 2756 1106 2844 familiarum,
1156 2755 1568 2851 Tunsbergi
1622 2756 1970 2828 domicilia
2005 2757 2382 2845 habenteS,

368 2867 446 2929 et
494 2871 952 2933 mercatores.
1071 2857 1165 2929 Hi
1226 2861 1607 2931 introrsum
1673 2878 1806 2950 per
1858 2859 2158 2951 glaciem
2198 2881 2380 2936 con·

364 2958 785 3045 tenderunt,
850 2969 1142 3030 ceteros
1211 2957 1590 3031 adventum
1644 2980 1852 3031 suum
1906 2968 2382 3052 exspectasse

366 3058 701 3131 arbitrati.
806 3057 1124 3148 Quorum
1173 3061 1330 3129 acie
1360 3056 1756 3130 Birkibeini
1798 3068 2207 3152 conspecta,
2259 3060 2382 3130 ad·

365 3178 659 3231 versum
717 3177 850 3228 eos
918 3178 1006 3228 se
1071 3166 1598 3230 converterunt.
1714 3156 1848 3228 Hic
1898 3179 2071 3228 rex:
2150 3158 2385 3230 adbuc

367 3278 629 3329 novum
693 3255 905 3328 nobis
970 3258 1369 3348 negotium,
1449 3258 1739 3349 opinor,
1808 3256 2230 3344 exhibetur,
2311 3269 2384 3331 et

368 3356 653 3450 quidem
710 3355 1032 3429 breviori,
1078 3358 1420 3449 temporis
1460 3355 1878 3445 intervallo3
1919 3360 2062 3449 jam
2091 3380 2230 3431 nos
2257 3359 2381 3431 ad·

368 3477 634 3527 versus
685 3478 821 3528 eos
869 3465 1393 3542 convertamuS,
1446 3455 1518 3526 hi
1553 3458 1738 3527 enim
1768 3457 2129 3550 prioribus
2160 3459 2383 3531 multo

368 3559 551 3626 sunt'
584 3577 881 3630 numero
932 3557 1354 3642 inferiores,
1409 3558 1811 3651 eodemque
1863 3562 2134 3651 negotii
2190 3564 2387 3632 exitu

371 3654 869 3747 defungentur.
970 3658 1154 3731 Mox
1205 3657 1584 3728 tubicinem
1633 3656 2104 3732 vehementer
2138 3653 2384 3731 inflare

368 3752 602 3827 tubam
648 3757 889 3847 jussit,
943 3779 1083 3851 quo
1134 3757 1323 3832 facto
1380 3761 1743 3828 exercitus
1797 3768 2200 3833 extrorsum
2254 3781 2388 3853 per

368 3853 690 3948 glaciem,
723 3858 832 3926 ire
883 3857 1270 3942 contendit,
1322 3865 1510 3931 tanta
1562 3856 1953 3944 alacritate,
2004 3869 2082 3933 ut
2119 3863 2181 3931 si
2221 3869 2388 3933 tunc

369 3958 655 4027 omnino
711 3966 965 4028 essent
1015 3966 1374 4027 recentes.
1480 3956 1647 4047 Quo
1698 3960 1998 4031 animum
2046 3960 2390 4046 adverso,

369 4051 1029 4147 Tunsbergensium
1083 4058 1311 4150 copiae
1362 4059 1837 4129 constiterunt
1908 4067 1983 4128 et
2049 4061 2119 4128 in
2173 4082 2387 4134 unum

441 4179 494 4252 ¹)
525 4201 574 4240 et
610 4187 814 4246 mitram
853 4186 1020 4243 hamis
1059 4187 1234 4243 ferreis
1272 4202 1579 4257 consertam,
1619 4187 1747 4242 add.
1789 4187 1860 4256 G,
1898 4186 1957 4243 F.
1981 4217 2003 4271 ··
