<?xml version="1.0" encoding="UTF-8"?>
<!DOCTYPE html PUBLIC "-//W3C//DTD XHTML 1.0 Transitional//EN"
    "http://www.w3.org/TR/xhtml1/DTD/xhtml1-transitional.dtd">
<html xmlns="http://www.w3.org/1999/xhtml" xml:lang="en" lang="en">
 <head>
  <title>
</title>
<meta http-equiv="Content-Type" content="text/html;charset=utf-8" />
  <meta name='ocr-system' content='tesseract 3.04.00' />
  <meta name='ocr-capabilities' content='ocr_page ocr_carea ocr_par ocr_line ocrx_word'/>
</head>
<body>
  <div class='ocr_page' id='page_1' title='image "./scriptahistoric01unkngoog_0203.png"; bbox 0 0 2950 4709; ppageno 0'>
   <div class='ocr_carea' id='block_1_1' title="bbox 335 353 2468 448">
    <p class='ocr_par' dir='ltr' id='par_1_1' title="bbox 335 353 2468 448">
     <span class='ocr_line' id='line_1_1' title="bbox 335 353 2468 448; baseline -0.018 0"><span class='ocrx_word' id='word_1_1' title='bbox 335 373 695 448; x_wconf 65' lang='lat' dir='ltr'><strong>,ame-10.</strong></span> <span class='ocrx_word' id='word_1_2' title='bbox 783 377 1151 433; x_wconf 61' lang='lat' dir='ltr'><strong>amoma</strong></span> <span class='ocrx_word' id='word_1_3' title='bbox 1202 379 1429 432; x_wconf 72' lang='lat' dir='ltr'><strong>umus</strong></span> <span class='ocrx_word' id='word_1_4' title='bbox 1484 375 1930 432; x_wconf 52' lang='lat' dir='ltr'><strong>omnnem&amp;</strong></span> <span class='ocrx_word' id='word_1_5' title='bbox 2181 353 2364 446; x_wconf 57' lang='lat'><strong>,132</strong></span> <span class='ocrx_word' id='word_1_6' title='bbox 2461 392 2468 395; x_wconf 74' lang='lat'><em>-</em></span> 
     </span>
    </p>
   </div>
   <div class='ocr_carea' id='block_1_2' title="bbox 344 561 2365 3163">
    <p class='ocr_par' dir='ltr' id='par_1_2' title="bbox 344 561 2364 2664">
     <span class='ocr_line' id='line_1_2' title="bbox 344 561 2361 655; baseline 0.001 -16"><span class='ocrx_word' id='word_1_7' title='bbox 344 578 515 641; x_wconf 83' lang='lat' dir='ltr'><strong>nota</strong></span> <span class='ocrx_word' id='word_1_8' title='bbox 565 572 629 640; x_wconf 89' lang='lat' dir='ltr'><strong>si</strong></span> <span class='ocrx_word' id='word_1_9' title='bbox 684 589 826 639; x_wconf 86' lang='lat' dir='ltr'><strong>non</strong></span> <span class='ocrx_word' id='word_1_10' title='bbox 875 568 1313 653; x_wconf 85' lang='lat' dir='ltr'><strong>invenietur,</strong></span> <span class='ocrx_word' id='word_1_11' title='bbox 1380 574 1659 638; x_wconf 83' lang='lat' dir='ltr'><strong>eertum</strong></span> <span class='ocrx_word' id='word_1_12' title='bbox 1712 561 1865 655; x_wconf 82' lang='lat' dir='ltr'><strong>est,</strong></span> <span class='ocrx_word' id='word_1_13' title='bbox 1929 561 2361 642; x_wconf 76' lang='lat' dir='ltr'><strong>meum-non</strong></span> 
     </span>
     <span class='ocr_line' id='line_1_3' title="bbox 348 666 2359 757; baseline 0 -17"><span class='ocrx_word' id='word_1_14' title='bbox 348 690 521 741; x_wconf 88' lang='lat' dir='ltr'><strong>esse</strong></span> <span class='ocrx_word' id='word_1_15' title='bbox 572 669 826 757; x_wconf 81' lang='lat' dir='ltr'><strong>fllium3</strong></span> <span class='ocrx_word' id='word_1_16' title='bbox 876 670 943 739; x_wconf 93' lang='lat' dir='ltr'><strong>si</strong></span> <span class='ocrx_word' id='word_1_17' title='bbox 992 669 1415 754; x_wconf 88' lang='lat' dir='ltr'><strong>invenietur,</strong></span> <span class='ocrx_word' id='word_1_18' title='bbox 1466 687 1610 738; x_wconf 88' lang='lat' dir='ltr'><strong>non</strong></span> <span class='ocrx_word' id='word_1_19' title='bbox 1641 666 2123 740; x_wconf 68' lang='lat' dir='ltr'><strong>dissimulabo.</strong></span> <span class='ocrx_word' id='word_1_20' title='bbox 2205 669 2359 739; x_wconf 75' lang='lat' dir='ltr'><strong>De·</strong></span> 
     </span>
     <span class='ocr_line' id='line_1_4' title="bbox 346 765 2359 863; baseline -0 -22"><span class='ocrx_word' id='word_1_21' title='bbox 346 771 515 841; x_wconf 85' lang='lat' dir='ltr'><strong>inde</strong></span> <span class='ocrx_word' id='word_1_22' title='bbox 560 773 775 863; x_wconf 89' lang='lat' dir='ltr'><strong>jussu</strong></span> <span class='ocrx_word' id='word_1_23' title='bbox 824 770 1022 860; x_wconf 87' lang='lat' dir='ltr'><strong>regis</strong></span> <span class='ocrx_word' id='word_1_24' title='bbox 1072 765 1341 839; x_wconf 86' lang='lat' dir='ltr'><strong>Petrus</strong></span> <span class='ocrx_word' id='word_1_25' title='bbox 1393 787 1510 853; x_wconf 89' lang='lat' dir='ltr'><strong>eo,</strong></span> <span class='ocrx_word' id='word_1_26' title='bbox 1559 765 1682 837; x_wconf 84' lang='lat' dir='ltr'><strong>uhi</strong></span> <span class='ocrx_word' id='word_1_27' title='bbox 1732 765 1947 839; x_wconf 86' lang='lat' dir='ltr'><strong>funus</strong></span> <span class='ocrx_word' id='word_1_28' title='bbox 2001 779 2176 856; x_wconf 88' lang='lat' dir='ltr'><strong>erat,</strong></span> <span class='ocrx_word' id='word_1_29' title='bbox 2229 769 2359 840; x_wconf 58' lang='lat' dir='ltr'><strong>du⁶</strong></span> 
     </span>
     <span class='ocr_line' id='line_1_5' title="bbox 345 867 2360 963; baseline -0.001 -22"><span class='ocrx_word' id='word_1_30' title='bbox 345 879 540 956; x_wconf 82' lang='lat' dir='ltr'><strong>etuS,</strong></span> <span class='ocrx_word' id='word_1_31' title='bbox 591 868 843 941; x_wconf 85' lang='lat' dir='ltr'><strong>calceo</strong></span> <span class='ocrx_word' id='word_1_32' title='bbox 897 868 1267 961; x_wconf 82' lang='lat' dir='ltr'><strong>caligaque</strong></span> <span class='ocrx_word' id='word_1_33' title='bbox 1322 867 1696 953; x_wconf 85' lang='lat' dir='ltr'><strong>detractis,</strong></span> <span class='ocrx_word' id='word_1_34' title='bbox 1748 888 1835 939; x_wconf 91' lang='lat' dir='ltr'><strong>se</strong></span> <span class='ocrx_word' id='word_1_35' title='bbox 1888 878 2146 954; x_wconf 87' lang='lat' dir='ltr'><strong>notam,</strong></span> <span class='ocrx_word' id='word_1_36' title='bbox 2198 888 2360 963; x_wconf 73' lang='lat' dir='ltr'><strong>quae</strong></span> 
     </span>
     <span class='ocr_line' id='line_1_6' title="bbox 345 966 2362 1059; baseline -0.001 -19"><span class='ocrx_word' id='word_1_37' title='bbox 345 974 418 1040; x_wconf 88' lang='lat' dir='ltr'><strong>in</strong></span> <span class='ocrx_word' id='word_1_38' title='bbox 470 970 617 1041; x_wconf 86' lang='lat' dir='ltr'><strong>filio</strong></span> <span class='ocrx_word' id='word_1_39' title='bbox 670 990 806 1041; x_wconf 91' lang='lat' dir='ltr'><strong>suo</strong></span> <span class='ocrx_word' id='word_1_40' title='bbox 857 969 1139 1053; x_wconf 84' lang='lat' dir='ltr'><strong>fnisset,</strong></span> <span class='ocrx_word' id='word_1_41' title='bbox 1190 988 1596 1059; x_wconf 79' lang='lat' dir='ltr'><strong>agnoscere</strong></span> <span class='ocrx_word' id='word_1_42' title='bbox 1638 976 1944 1039; x_wconf 86' lang='lat' dir='ltr'><strong>testatus</strong></span> <span class='ocrx_word' id='word_1_43' title='bbox 1983 978 2118 1039; x_wconf 89' lang='lat' dir='ltr'><strong>est.</strong></span> <span class='ocrx_word' id='word_1_44' title='bbox 2195 966 2362 1038; x_wconf 85' lang='lat' dir='ltr'><strong>Rex</strong></span> 
     </span>
     <span class='ocr_line' id='line_1_7' title="bbox 345 1066 2362 1163; baseline -0.001 -22"><span class='ocrx_word' id='word_1_45' title='bbox 345 1068 667 1141; x_wconf 83' lang='lat' dir='ltr'><strong>Sverrer</strong></span> <span class='ocrx_word' id='word_1_46' title='bbox 718 1069 1089 1163; x_wconf 88' lang='lat' dir='ltr'><strong>oppidanis</strong></span> <span class='ocrx_word' id='word_1_47' title='bbox 1138 1070 1436 1161; x_wconf 82' lang='lat' dir='ltr'><strong>suisque</strong></span> <span class='ocrx_word' id='word_1_48' title='bbox 1491 1066 1828 1139; x_wconf 80' lang='lat' dir='ltr'>militibus</span> <span class='ocrx_word' id='word_1_49' title='bbox 1885 1068 2130 1162; x_wconf 86' lang='lat' dir='ltr'><strong>palam·</strong></span> <span class='ocrx_word' id='word_1_50' title='bbox 2167 1069 2362 1155; x_wconf 83' lang='lat' dir='ltr'><strong>feeit,</strong></span> 
     </span>
     <span class='ocr_line' id='line_1_8' title="bbox 344 1166 2362 1266; baseline -0 -24"><span class='ocrx_word' id='word_1_51' title='bbox 344 1169 609 1242; x_wconf 85' lang='lat' dir='ltr'><strong>Jonem</strong></span> <span class='ocrx_word' id='word_1_52' title='bbox 661 1168 883 1255; x_wconf 80' lang='lat' dir='ltr'><strong>iilum,</strong></span> <span class='ocrx_word' id='word_1_53' title='bbox 935 1190 1146 1263; x_wconf 86' lang='lat' dir='ltr'><strong>quem</strong></span> <span class='ocrx_word' id='word_1_54' title='bbox 1179 1166 1522 1260; x_wconf 82' lang='lat' dir='ltr'><strong>Kuflungi</strong></span> <span class='ocrx_word' id='word_1_55' title='bbox 1573 1188 1822 1260; x_wconf 85' lang='lat' dir='ltr'><strong>regem</strong></span> <span class='ocrx_word' id='word_1_56' title='bbox 1873 1190 2080 1266; x_wconf 85' lang='lat' dir='ltr'><strong>suum</strong></span> <span class='ocrx_word' id='word_1_57' title='bbox 2114 1168 2362 1263; x_wconf 80' lang='lat' dir='ltr'><strong>appel-</strong></span> 
     </span>
     <span class='ocr_line' id='line_1_9' title="bbox 348 1265 2362 1363; baseline -0 -24"><span class='ocrx_word' id='word_1_58' title='bbox 348 1269 644 1357; x_wconf 78' lang='lat' dir='ltr'><strong>lassent,</strong></span> <span class='ocrx_word' id='word_1_59' title='bbox 696 1271 941 1342; x_wconf 84' lang='lat' dir='ltr'><strong>voeari</strong></span> <span class='ocrx_word' id='word_1_60' title='bbox 993 1265 1314 1354; x_wconf 88' lang='lat' dir='ltr'><strong>Ormum,</strong></span> <span class='ocrx_word' id='word_1_61' title='bbox 1364 1267 1571 1339; x_wconf 88' lang='lat' dir='ltr'><strong>Petri</strong></span> <span class='ocrx_word' id='word_1_62' title='bbox 1621 1267 2083 1363; x_wconf 83' lang='lat' dir='ltr'><strong>Astridaeque</strong></span> <span class='ocrx_word' id='word_1_63' title='bbox 2123 1268 2362 1357; x_wconf 83' lang='lat' dir='ltr'><strong>filium,</strong></span> 
     </span>
     <span class='ocr_line' id='line_1_10' title="bbox 345 1367 2363 1465; baseline -0 -25"><span class='ocrx_word' id='word_1_64' title='bbox 345 1374 868 1465; x_wconf 78' lang='lat' dir='ltr'><strong>praetereaque,</strong></span> <span class='ocrx_word' id='word_1_65' title='bbox 918 1367 1213 1440; x_wconf 88' lang='lat' dir='ltr'><strong>Petrum</strong></span> <span class='ocrx_word' id='word_1_66' title='bbox 1264 1371 1497 1461; x_wconf 85' lang='lat' dir='ltr'><strong>ipsum</strong></span> <span class='ocrx_word' id='word_1_67' title='bbox 1534 1389 1627 1439; x_wconf 92' lang='lat' dir='ltr'><strong>eo</strong></span> <span class='ocrx_word' id='word_1_68' title='bbox 1661 1367 1828 1439; x_wconf 83' lang='lat' dir='ltr'><strong>loeo</strong></span> <span class='ocrx_word' id='word_1_69' title='bbox 1857 1369 2146 1457; x_wconf 81' lang='lat' dir='ltr'><strong>adesse,</strong></span> <span class='ocrx_word' id='word_1_70' title='bbox 2199 1389 2363 1440; x_wconf 86' lang='lat' dir='ltr'><strong>cor·</strong></span> 
     </span>
     <span class='ocr_line' id='line_1_11' title="bbox 347 1467 2361 1564; baseline -0.002 -22"><span class='ocrx_word' id='word_1_71' title='bbox 347 1492 486 1564; x_wconf 88' lang='lat' dir='ltr'><strong>pus</strong></span> <span class='ocrx_word' id='word_1_72' title='bbox 549 1469 674 1540; x_wconf 86' lang='lat' dir='ltr'><strong>filii</strong></span> <span class='ocrx_word' id='word_1_73' title='bbox 740 1473 857 1541; x_wconf 85' lang='lat' dir='ltr'><strong>sui</strong></span> <span class='ocrx_word' id='word_1_74' title='bbox 926 1477 1478 1561; x_wconf 79' lang='lat' dir='ltr'><strong>agnoscentem:</strong></span> <span class='ocrx_word' id='word_1_75' title='bbox 1550 1476 1626 1538; x_wconf 88' lang='lat' dir='ltr'><strong>et</strong></span> <span class='ocrx_word' id='word_1_76' title='bbox 1690 1467 1941 1553; x_wconf 82' lang='lat' dir='ltr'><strong>vobis,</strong></span> <span class='ocrx_word' id='word_1_77' title='bbox 2008 1469 2361 1562; x_wconf 82' lang='lat' dir='ltr'>oppidani,</span> 
     </span>
     <span class='ocr_line' id='line_1_12' title="bbox 345 1567 2360 1663; baseline -0.001 -22"><span class='ocrx_word' id='word_1_78' title='bbox 345 1573 593 1663; x_wconf 88' lang='lat' dir='ltr'><strong>inquit,</strong></span> <span class='ocrx_word' id='word_1_79' title='bbox 643 1578 886 1640; x_wconf 89' lang='lat' dir='ltr'><strong>uotum</strong></span> <span class='ocrx_word' id='word_1_80' title='bbox 939 1568 1128 1639; x_wconf 85' lang='lat' dir='ltr'><strong>haud</strong></span> <span class='ocrx_word' id='word_1_81' title='bbox 1183 1567 1399 1639; x_wconf 84' lang='lat' dir='ltr'><strong>dubie</strong></span> <span class='ocrx_word' id='word_1_82' title='bbox 1453 1576 1595 1653; x_wconf 89' lang='lat' dir='ltr'><strong>est,</strong></span> <span class='ocrx_word' id='word_1_83' title='bbox 1650 1587 1881 1661; x_wconf 81' lang='lat' dir='ltr'><strong>ecquo</strong></span> <span class='ocrx_word' id='word_1_84' title='bbox 1925 1571 2090 1660; x_wconf 86' lang='lat' dir='ltr'><strong>jure</strong></span> <span class='ocrx_word' id='word_1_85' title='bbox 2136 1589 2360 1661; x_wconf 86' lang='lat' dir='ltr'><strong>gene·</strong></span> 
     </span>
     <span class='ocr_line' id='line_1_13' title="bbox 347 1665 2363 1761; baseline -0 -22"><span class='ocrx_word' id='word_1_86' title='bbox 347 1672 452 1741; x_wconf 85' lang='lat' dir='ltr'><strong>ris</strong></span> <span class='ocrx_word' id='word_1_87' title='bbox 501 1667 769 1740; x_wconf 88' lang='lat' dir='ltr'><strong>Petrus</strong></span> <span class='ocrx_word' id='word_1_88' title='bbox 796 1678 898 1739; x_wconf 87' lang='lat' dir='ltr'><strong>.et</strong></span> <span class='ocrx_word' id='word_1_89' title='bbox 946 1668 1239 1739; x_wconf 89' lang='lat' dir='ltr'><strong>Astrida</strong></span> <span class='ocrx_word' id='word_1_90' title='bbox 1289 1665 1660 1761; x_wconf 86' lang='lat' dir='ltr'><strong>postulare</strong></span> <span class='ocrx_word' id='word_1_91' title='bbox 1693 1677 1995 1761; x_wconf 72' lang='lat' dir='ltr'><strong>queant,</strong></span> <span class='ocrx_word' id='word_1_92' title='bbox 2048 1677 2128 1739; x_wconf 92' lang='lat' dir='ltr'><strong>ut</strong></span> <span class='ocrx_word' id='word_1_93' title='bbox 2173 1666 2363 1738; x_wconf 83' lang='lat' dir='ltr'><strong>filius</strong></span> 
     </span>
     <span class='ocr_line' id='line_1_14' title="bbox 349 1767 2363 1861; baseline -0.001 -21"><span class='ocrx_word' id='word_1_94' title='bbox 349 1790 600 1841; x_wconf 79' lang='lat' dir='ltr'><strong>eorum</strong></span> <span class='ocrx_word' id='word_1_95' title='bbox 652 1791 784 1840; x_wconf 87' lang='lat' dir='ltr'><strong>rex</strong></span> <span class='ocrx_word' id='word_1_96' title='bbox 837 1768 1231 1861; x_wconf 83' lang='lat' dir='ltr'><strong>Norvegiae</strong></span> <span class='ocrx_word' id='word_1_97' title='bbox 1286 1776 1522 1854; x_wconf 83' lang='lat' dir='ltr'><strong>esset3</strong></span> <span class='ocrx_word' id='word_1_98' title='bbox 1579 1767 1769 1838; x_wconf 89' lang='lat' dir='ltr'><strong>unde</strong></span> <span class='ocrx_word' id='word_1_99' title='bbox 1816 1776 2132 1861; x_wconf 88' lang='lat' dir='ltr'><strong>apparet,</strong></span> <span class='ocrx_word' id='word_1_100' title='bbox 2185 1786 2363 1861; x_wconf 84' lang='lat' dir='ltr'><strong>quas</strong></span> 
     </span>
     <span class='ocr_line' id='line_1_15' title="bbox 348 1867 2362 1962; baseline -0.001 -21"><span class='ocrx_word' id='word_1_101' title='bbox 348 1869 642 1941; x_wconf 82' lang='lat' dir='ltr'><strong>fraudes</strong></span> <span class='ocrx_word' id='word_1_102' title='bbox 710 1869 904 1941; x_wconf 17' lang='lat' dir='ltr'><strong>mala,</strong></span> <span class='ocrx_word' id='word_1_103' title='bbox 958 1872 1096 1941; x_wconf 89' lang='lat' dir='ltr'><strong>ista</strong></span> <span class='ocrx_word' id='word_1_104' title='bbox 1155 1868 1632 1962; x_wconf 71' lang='lat' dir='ltr'><strong>praedatorum</strong></span> <span class='ocrx_word' id='word_1_105' title='bbox 1698 1867 1911 1939; x_wconf 83' lang='lat' dir='ltr'><strong>factio</strong></span> <span class='ocrx_word' id='word_1_106' title='bbox 1962 1867 2362 1938; x_wconf 82' lang='lat' dir='ltr'><strong>venditarit.</strong></span> 
     </span>
     <span class='ocr_line' id='line_1_16' title="bbox 347 1967 2362 2060; baseline -0.001 -20"><span class='ocrx_word' id='word_1_107' title='bbox 347 1967 534 2042; x_wconf 84' lang='lat' dir='ltr'><strong>Post</strong></span> <span class='ocrx_word' id='word_1_108' title='bbox 600 1970 759 2042; x_wconf 85' lang='lat' dir='ltr'><strong>haee</strong></span> <span class='ocrx_word' id='word_1_109' title='bbox 826 1970 1039 2042; x_wconf 83' lang='lat' dir='ltr'><strong>funus</strong></span> <span class='ocrx_word' id='word_1_110' title='bbox 1087 1968 1300 2041; x_wconf 85' lang='lat' dir='ltr'><strong>Jouis</strong></span> <span class='ocrx_word' id='word_1_111' title='bbox 1348 1967 1690 2060; x_wconf 84' lang='lat' dir='ltr'><strong>Kuflungi</strong></span> <span class='ocrx_word' id='word_1_112' title='bbox 1752 1971 1824 2039; x_wconf 82' lang='lat' dir='ltr'><strong>in</strong></span> <span class='ocrx_word' id='word_1_113' title='bbox 1889 1969 2052 2042; x_wconf 87' lang='lat' dir='ltr'><strong>aede</strong></span> <span class='ocrx_word' id='word_1_114' title='bbox 2104 1968 2362 2040; x_wconf 75' lang='lat' dir='ltr'><strong>Mariae</strong></span> 
     </span>
     <span class='ocr_line' id='line_1_17' title="bbox 347 2067 2364 2163; baseline -0.002 -20"><span class='ocrx_word' id='word_1_115' title='bbox 347 2071 701 2143; x_wconf 84' lang='lat' dir='ltr'><strong>humatum</strong></span> <span class='ocrx_word' id='word_1_116' title='bbox 756 2080 889 2143; x_wconf 85' lang='lat' dir='ltr'><strong>est.</strong></span> <span class='ocrx_word' id='word_1_117' title='bbox 1006 2067 1188 2141; x_wconf 89' lang='lat' dir='ltr'><strong>Tum</strong></span> <span class='ocrx_word' id='word_1_118' title='bbox 1255 2071 1553 2163; x_wconf 87' lang='lat' dir='ltr'><strong>primum</strong></span> <span class='ocrx_word' id='word_1_119' title='bbox 1618 2090 1753 2139; x_wconf 88' lang='lat' dir='ltr'><strong>rex</strong></span> <span class='ocrx_word' id='word_1_120' title='bbox 1805 2067 2117 2142; x_wconf 89' lang='lat' dir='ltr'><strong>Sverrer</strong></span> <span class='ocrx_word' id='word_1_121' title='bbox 2165 2071 2364 2161; x_wconf 80' lang='lat' dir='ltr'><strong>ejus-</strong></span> 
     </span>
     <span class='ocr_line' id='line_1_18' title="bbox 347 2165 2360 2266; baseline -0.001 -23"><span class='ocrx_word' id='word_1_122' title='bbox 347 2194 490 2266; x_wconf 87' lang='lat' dir='ltr'><strong>que</strong></span> <span class='ocrx_word' id='word_1_123' title='bbox 545 2172 807 2243; x_wconf 86' lang='lat' dir='ltr'><strong>milites</strong></span> <span class='ocrx_word' id='word_1_124' title='bbox 859 2175 954 2242; x_wconf 85' lang='lat' dir='ltr'><strong>ita</strong></span> <span class='ocrx_word' id='word_1_125' title='bbox 1004 2169 1290 2264; x_wconf 71' lang='lat' dir='ltr'><strong>Bet-gas</strong></span> <span class='ocrx_word' id='word_1_126' title='bbox 1341 2165 1826 2257; x_wconf 82' lang='lat' dir='ltr'><strong>advenerunt,</strong></span> <span class='ocrx_word' id='word_1_127' title='bbox 1893 2180 1973 2242; x_wconf 92' lang='lat' dir='ltr'><strong>ut</strong></span> <span class='ocrx_word' id='word_1_128' title='bbox 2021 2171 2360 2240; x_wconf 83' lang='lat' dir='ltr'><strong>universo</strong></span> 
     </span>
     <span class='ocr_line' id='line_1_19' title="bbox 349 2264 2359 2366; baseline -0.002 -24"><span class='ocrx_word' id='word_1_129' title='bbox 349 2272 619 2366; x_wconf 81' lang='lat' dir='ltr'><strong>populo</strong></span> <span class='ocrx_word' id='word_1_130' title='bbox 675 2275 993 2364; x_wconf 80' lang='lat' dir='ltr'><strong>exoptati</strong></span> <span class='ocrx_word' id='word_1_131' title='bbox 1044 2271 1406 2341; x_wconf 84' lang='lat' dir='ltr'><strong>adessent.</strong></span> <span class='ocrx_word' id='word_1_132' title='bbox 1507 2268 1694 2340; x_wconf 90' lang='lat' dir='ltr'><strong>Post</strong></span> <span class='ocrx_word' id='word_1_133' title='bbox 1743 2264 1906 2339; x_wconf 76' lang='lat' dir='ltr'><strong>haee</strong></span> <span class='ocrx_word' id='word_1_134' title='bbox 1951 2290 2087 2340; x_wconf 87' lang='lat' dir='ltr'><strong>rex</strong></span> <span class='ocrx_word' id='word_1_135' title='bbox 2135 2265 2359 2339; x_wconf 83' lang='lat' dir='ltr'><strong>Sver-</strong></span> 
     </span>
     <span class='ocr_line' id='line_1_20' title="bbox 349 2365 2363 2463; baseline -0.003 -19"><span class='ocrx_word' id='word_1_136' title='bbox 349 2392 474 2444; x_wconf 86' lang='lat' dir='ltr'><strong>rer</strong></span> <span class='ocrx_word' id='word_1_137' title='bbox 522 2370 917 2461; x_wconf 79' lang='lat' dir='ltr'><strong>Norvegiae</strong></span> <span class='ocrx_word' id='word_1_138' title='bbox 984 2369 1193 2441; x_wconf 89' lang='lat' dir='ltr'><strong>solus</strong></span> <span class='ocrx_word' id='word_1_139' title='bbox 1259 2371 1662 2461; x_wconf 84' lang='lat' dir='ltr'><strong>imperavit3</strong></span> <span class='ocrx_word' id='word_1_140' title='bbox 1739 2368 1896 2439; x_wconf 81' lang='lat' dir='ltr'><strong>ille·</strong></span> <span class='ocrx_word' id='word_1_141' title='bbox 1935 2365 2363 2463; x_wconf 80' lang='lat' dir='ltr'><strong>aliquantum</strong></span> 
     </span>
     <span class='ocr_line' id='line_1_21' title="bbox 350 2467 1622 2565; baseline -0.007 -20"><span class='ocrx_word' id='word_1_142' title='bbox 350 2474 692 2565; x_wconf 82' lang='lat' dir='ltr'><strong>temporis</strong></span> <span class='ocrx_word' id='word_1_143' title='bbox 739 2468 1008 2560; x_wconf 84' lang='lat' dir='ltr'><strong>Bergis</strong></span> <span class='ocrx_word' id='word_1_144' title='bbox 1058 2487 1144 2539; x_wconf 88' lang='lat' dir='ltr'><strong>se</strong></span> <span class='ocrx_word' id='word_1_145' title='bbox 1198 2467 1622 2538; x_wconf 85' lang='lat' dir='ltr'><strong>continebat.</strong></span> 
     </span>
     <span class='ocr_line' id='line_1_22' title="bbox 871 2561 1839 2664; baseline -0.006 -23"><span class='ocrx_word' id='word_1_146' title='bbox 871 2569 996 2641; x_wconf 78' lang='lat' dir='ltr'><strong>De</strong></span> <span class='ocrx_word' id='word_1_147' title='bbox 1048 2561 1378 2664; x_wconf 70' lang='lat' dir='ltr'><strong>Siando</strong></span> <span class='ocrx_word' id='word_1_148' title='bbox 1437 2565 1839 2637; x_wconf 80' lang='lat' dir='ltr'><strong>Brennere.</strong></span> 
     </span>
    </p>

    <p class='ocr_par' dir='ltr' id='par_1_3' title="bbox 349 2666 2365 3163">
     <span class='ocr_line' id='line_1_23' title="bbox 556 2666 2361 2758; baseline -0.001 -19"><span class='ocrx_word' id='word_1_149' title='bbox 556 2666 724 2739; x_wconf 83' lang='lat'>11⁰.</span> <span class='ocrx_word' id='word_1_150' title='bbox 824 2667 904 2738; x_wconf 85' lang='lat' dir='ltr'><strong>In</strong></span> <span class='ocrx_word' id='word_1_151' title='bbox 963 2669 1145 2740; x_wconf 86' lang='lat' dir='ltr'><strong>loeis</strong></span> <span class='ocrx_word' id='word_1_152' title='bbox 1202 2666 1663 2742; x_wconf 83' lang='lat' dir='ltr'><strong>silvestribus</strong></span> <span class='ocrx_word' id='word_1_153' title='bbox 1709 2666 1799 2737; x_wconf 89' lang='lat' dir='ltr'><strong>ad</strong></span> <span class='ocrx_word' id='word_1_154' title='bbox 1855 2670 2203 2758; x_wconf 83' lang='lat' dir='ltr'><strong>orientem</strong></span> <span class='ocrx_word' id='word_1_155' title='bbox 2255 2666 2361 2738; x_wconf 75' lang='lat' dir='ltr'><strong>ra:-</strong></span> 
     </span>
     <span class='ocr_line' id='line_1_24' title="bbox 349 2766 2360 2863; baseline -0 -23"><span class='ocrx_word' id='word_1_156' title='bbox 349 2772 496 2840; x_wconf 85' lang='lat' dir='ltr'><strong>etio</strong></span> <span class='ocrx_word' id='word_1_157' title='bbox 550 2778 726 2855; x_wconf 87' lang='lat' dir='ltr'><strong>erat,</strong></span> <span class='ocrx_word' id='word_1_158' title='bbox 778 2792 936 2863; x_wconf 85' lang='lat' dir='ltr'><strong>qvae</strong></span> <span class='ocrx_word' id='word_1_159' title='bbox 988 2774 1061 2840; x_wconf 89' lang='lat' dir='ltr'><strong>in</strong></span> <span class='ocrx_word' id='word_1_160' title='bbox 1089 2769 1341 2840; x_wconf 82' lang='lat' dir='ltr'><strong>Vikam</strong></span> <span class='ocrx_word' id='word_1_161' title='bbox 1393 2770 1794 2859; x_wconf 84' lang='lat' dir='ltr'><strong>irrumpens</strong></span> <span class='ocrx_word' id='word_1_162' title='bbox 1845 2766 2060 2840; x_wconf 85' lang='lat' dir='ltr'><strong>multa</strong></span> <span class='ocrx_word' id='word_1_163' title='bbox 2090 2768 2188 2839; x_wconf 83' lang='lat' dir='ltr'><strong>ibi</strong></span> <span class='ocrx_word' id='word_1_164' title='bbox 2218 2789 2360 2839; x_wconf 86' lang='lat' dir='ltr'><strong>ma-</strong></span> 
     </span>
     <span class='ocr_line' id='line_1_25' title="bbox 351 2868 2365 2964; baseline -0.001 -24"><span class='ocrx_word' id='word_1_165' title='bbox 351 2869 583 2941; x_wconf 83' lang='lat' dir='ltr'><strong>leficia</strong></span> <span class='ocrx_word' id='word_1_166' title='bbox 635 2880 1060 2964; x_wconf 81' lang='lat' dir='ltr'><strong>patraverat,</strong></span> <span class='ocrx_word' id='word_1_167' title='bbox 1112 2870 1436 2940; x_wconf 84' lang='lat' dir='ltr'><strong>homines</strong></span> <span class='ocrx_word' id='word_1_168' title='bbox 1482 2868 1965 2957; x_wconf 82' lang='lat' dir='ltr'><strong>interfecerat,</strong></span> <span class='ocrx_word' id='word_1_169' title='bbox 2017 2869 2365 2964; x_wconf 81' lang='lat' dir='ltr'><strong>quosdam</strong></span> 
     </span>
     <span class='ocr_line' id='line_1_26' title="bbox 353 2969 2365 3064; baseline -0.001 -23"><span class='ocrx_word' id='word_1_170' title='bbox 353 2971 765 3064; x_wconf 83' lang='lat' dir='ltr'><strong>diripuerat,</strong></span> <span class='ocrx_word' id='word_1_171' title='bbox 818 2971 1116 3044; x_wconf 89' lang='lat' dir='ltr'><strong>aliorum</strong></span> <span class='ocrx_word' id='word_1_172' title='bbox 1168 2970 1354 3041; x_wconf 90' lang='lat' dir='ltr'><strong>bona</strong></span> <span class='ocrx_word' id='word_1_173' title='bbox 1405 2969 1893 3057; x_wconf 82' lang='lat' dir='ltr'><strong>inflammarat3</strong></span> <span class='ocrx_word' id='word_1_174' title='bbox 1947 2974 2063 3041; x_wconf 88' lang='lat' dir='ltr'><strong>eui</strong></span> <span class='ocrx_word' id='word_1_175' title='bbox 2115 2969 2365 3041; x_wconf 81' lang='lat' dir='ltr'><strong>factio-</strong></span> 
     </span>
     <span class='ocr_line' id='line_1_27' title="bbox 350 3062 2364 3163; baseline -0.001 -22"><span class='ocrx_word' id='word_1_176' title='bbox 350 3073 421 3141; x_wconf 90' lang='lat' dir='ltr'><strong>ni</strong></span> <span class='ocrx_word' id='word_1_177' title='bbox 492 3081 802 3163; x_wconf 81' lang='lat' dir='ltr'><strong>praeerat</strong></span> <span class='ocrx_word' id='word_1_178' title='bbox 866 3074 1013 3157; x_wconf 89' lang='lat' dir='ltr'><strong>vir,</strong></span> <span class='ocrx_word' id='word_1_179' title='bbox 1093 3073 1495 3142; x_wconf 87' lang='lat' dir='ltr'><strong>nominatus</strong></span> <span class='ocrx_word' id='word_1_180' title='bbox 1562 3067 1922 3161; x_wconf 85' lang='lat' dir='ltr'><strong>Sigurdus</strong></span> <span class='ocrx_word' id='word_1_181' title='bbox 2006 3062 2364 3155; x_wconf 88' lang='lat' dir='ltr'><strong>Brenner,</strong></span> 
     </span>
    </p>
   </div>
   <div class='ocr_carea' id='block_1_3' title="bbox 350 3163 2498 3262">
    <p class='ocr_par' dir='ltr' id='par_1_4' title="bbox 350 3163 2498 3262">
     <span class='ocr_line' id='line_1_28' title="bbox 350 3163 2498 3262; baseline -0.002 -21"><span class='ocrx_word' id='word_1_182' title='bbox 350 3170 541 3241; x_wconf 80' lang='lat' dir='ltr'><strong>filius</strong></span> <span class='ocrx_word' id='word_1_183' title='bbox 591 3172 793 3262; x_wconf 83' lang='lat' dir='ltr'><strong>regis</strong></span> <span class='ocrx_word' id='word_1_184' title='bbox 832 3170 1012 3262; x_wconf 82' lang='lat' dir='ltr'><strong>lngii</strong></span> <span class='ocrx_word' id='word_1_185' title='bbox 1047 3169 1340 3241; x_wconf 84' lang='lat' dir='ltr'><strong>Haraldi</strong></span> <span class='ocrx_word' id='word_1_186' title='bbox 1388 3163 1534 3237; x_wconf 77' lang='lat' dir='ltr'><strong>filii.</strong></span> <span class='ocrx_word' id='word_1_187' title='bbox 1637 3166 1999 3259; x_wconf 80' lang='lat' dir='ltr'><strong>Sigurdus</strong></span> <span class='ocrx_word' id='word_1_188' title='bbox 2031 3166 2400 3239; x_wconf 70' lang='lat' dir='ltr'><strong>Brenner&#39;</strong></span> <span class='ocrx_word' id='word_1_189' title='bbox 2482 3194 2498 3208; x_wconf 93' lang='lat'><strong>·</strong></span> 
     </span>
    </p>
   </div>
   <div class='ocr_carea' id='block_1_4' title="bbox 347 3269 2436 3363">
    <p class='ocr_par' dir='ltr' id='par_1_5' title="bbox 347 3269 2436 3363">
     <span class='ocr_line' id='line_1_29' title="bbox 347 3269 2436 3363; baseline -0.004 -21"><span class='ocrx_word' id='word_1_190' title='bbox 347 3269 613 3342; x_wconf 85' lang='lat' dir='ltr'><strong>Jouem</strong></span> <span class='ocrx_word' id='word_1_191' title='bbox 646 3269 1077 3363; x_wconf 86' lang='lat' dir='ltr'><strong>Kuflungum</strong></span> <span class='ocrx_word' id='word_1_192' title='bbox 1132 3276 1588 3353; x_wconf 81' lang='lat' dir='ltr'><strong>convenerat,</strong></span> <span class='ocrx_word' id='word_1_193' title='bbox 1641 3269 1761 3361; x_wconf 84' lang='lat' dir='ltr'><strong>qui</strong></span> <span class='ocrx_word' id='word_1_194' title='bbox 1811 3287 1973 3337; x_wconf 89' lang='lat' dir='ltr'><strong>eum</strong></span> <span class='ocrx_word' id='word_1_195' title='bbox 2023 3288 2156 3360; x_wconf 89' lang='lat' dir='ltr'><strong>pro</strong></span> <span class='ocrx_word' id='word_1_196' title='bbox 2192 3287 2361 3338; x_wconf 84' lang='lat' dir='ltr'><strong>eon·</strong></span> <span class='ocrx_word' id='word_1_197' title='bbox 2423 3308 2436 3326; x_wconf 41' lang='grc' dir='ltr'><strong><em>κ</em></strong></span> 
     </span>
    </p>
   </div>
   <div class='ocr_carea' id='block_1_5' title="bbox 243 3366 2362 3463">
    <p class='ocr_par' dir='ltr' id='par_1_6' title="bbox 243 3366 2362 3463">
     <span class='ocr_line' id='line_1_30' title="bbox 243 3366 2362 3463; baseline -0.002 -21"><span class='ocrx_word' id='word_1_198' title='bbox 243 3444 267 3458; x_wconf 69' lang='lat'>‚</span> <span class='ocrx_word' id='word_1_199' title='bbox 351 3373 746 3461; x_wconf 83' lang='lat' dir='ltr'><strong>sangvineo</strong></span> <span class='ocrx_word' id='word_1_200' title='bbox 800 3375 1110 3463; x_wconf 81' lang='lat' dir='ltr'><strong>agnitum</strong></span> <span class='ocrx_word' id='word_1_201' title='bbox 1164 3370 1256 3441; x_wconf 88' lang='lat' dir='ltr'><strong>ad</strong></span> <span class='ocrx_word' id='word_1_202' title='bbox 1323 3389 1411 3441; x_wconf 89' lang='lat' dir='ltr'><strong>se</strong></span> <span class='ocrx_word' id='word_1_203' title='bbox 1484 3371 1933 3457; x_wconf 85' lang='lat' dir='ltr'><strong>invitaverat3</strong></span> <span class='ocrx_word' id='word_1_204' title='bbox 2002 3366 2362 3460; x_wconf 84' lang='lat' dir='ltr'><strong>Sigurdus</strong></span> 
     </span>
    </p>
   </div>
   <div class='ocr_carea' id='block_1_6' title="bbox 342 3470 2370 4272">
    <p class='ocr_par' dir='ltr' id='par_1_7' title="bbox 342 3470 2370 4272">
     <span class='ocr_line' id='line_1_31' title="bbox 350 3470 2361 3564; baseline -0 -25"><span class='ocrx_word' id='word_1_205' title='bbox 350 3471 533 3539; x_wconf 85' lang='lat' dir='ltr'><strong>vero</strong></span> <span class='ocrx_word' id='word_1_206' title='bbox 565 3491 716 3540; x_wconf 87' lang='lat' dir='ltr'><strong>rem</strong></span> <span class='ocrx_word' id='word_1_207' title='bbox 734 3471 1275 3564; x_wconf 75' lang='lat' dir='ltr'><strong>Kuss&#39;nngianam</strong></span> <span class='ocrx_word' id='word_1_208' title='bbox 1298 3470 1748 3562; x_wconf 79' lang='lat' dir='ltr'><strong>dedignatuS,</strong></span> <span class='ocrx_word' id='word_1_209' title='bbox 1805 3488 2081 3563; x_wconf 82' lang='lat' dir='ltr'><strong>suaque</strong></span> <span class='ocrx_word' id='word_1_210' title='bbox 2119 3488 2361 3541; x_wconf 83' lang='lat' dir='ltr'><strong>rerum</strong></span> 
     </span>
     <span class='ocr_line' id='line_1_32' title="bbox 352 3565 2361 3663; baseline -0 -24"><span class='ocrx_word' id='word_1_211' title='bbox 352 3565 661 3639; x_wconf 80' lang='lat' dir='ltr'><strong>civilium</strong></span> <span class='ocrx_word' id='word_1_212' title='bbox 732 3580 807 3641; x_wconf 90' lang='lat' dir='ltr'><strong>et</strong></span> <span class='ocrx_word' id='word_1_213' title='bbox 876 3571 1258 3643; x_wconf 80' lang='lat' dir='ltr'><strong>aulicarum</strong></span> <span class='ocrx_word' id='word_1_214' title='bbox 1323 3568 2018 3643; x_wconf 88' lang='lat' dir='ltr'><strong>administrandarum</strong></span> <span class='ocrx_word' id='word_1_215' title='bbox 2084 3572 2361 3663; x_wconf 86' lang='lat' dir='ltr'><strong>peritia,</strong></span> 
     </span>
     <span class='ocr_line' id='line_1_33' title="bbox 352 3666 2361 3765; baseline -0 -26"><span class='ocrx_word' id='word_1_216' title='bbox 352 3666 748 3762; x_wconf 89' lang='lat' dir='ltr'><strong>prudentia,</strong></span> <span class='ocrx_word' id='word_1_217' title='bbox 800 3681 875 3746; x_wconf 91' lang='lat' dir='ltr'><strong>et</strong></span> <span class='ocrx_word' id='word_1_218' title='bbox 923 3694 1061 3765; x_wconf 90' lang='lat' dir='ltr'><strong>qua</strong></span> <span class='ocrx_word' id='word_1_219' title='bbox 1112 3672 1394 3745; x_wconf 88' lang='lat' dir='ltr'><strong>valeret</strong></span> <span class='ocrx_word' id='word_1_220' title='bbox 1445 3672 1670 3762; x_wconf 85' lang='lat' dir='ltr'><strong>gratia</strong></span> <span class='ocrx_word' id='word_1_221' title='bbox 1722 3668 1979 3739; x_wconf 87' lang='lat' dir='ltr'><strong>melius</strong></span> <span class='ocrx_word' id='word_1_222' title='bbox 2017 3667 2361 3754; x_wconf 86' lang='lat' dir='ltr'><strong>confisus,</strong></span> 
     </span>
     <span class='ocr_line' id='line_1_34' title="bbox 342 3766 2365 3864; baseline 0 -25"><span class='ocrx_word' id='word_1_223' title='bbox 342 3767 468 3839; x_wconf 82' lang='lat' dir='ltr'><strong>-his</strong></span> <span class='ocrx_word' id='word_1_224' title='bbox 529 3769 857 3862; x_wconf 81' lang='lat' dir='ltr'><strong>omnibus</strong></span> <span class='ocrx_word' id='word_1_225' title='bbox 927 3791 1106 3864; x_wconf 90' lang='lat' dir='ltr'><strong>opus</strong></span> <span class='ocrx_word' id='word_1_226' title='bbox 1178 3793 1348 3844; x_wconf 89' lang='lat' dir='ltr'><strong>esse</strong></span> <span class='ocrx_word' id='word_1_227' title='bbox 1421 3771 1598 3841; x_wconf 85' lang='lat' dir='ltr'><strong>dixit</strong></span> <span class='ocrx_word' id='word_1_228' title='bbox 1659 3769 2012 3840; x_wconf 88' lang='lat' dir='ltr'><strong>adversus</strong></span> <span class='ocrx_word' id='word_1_229' title='bbox 2067 3766 2365 3841; x_wconf 83' lang='lat' dir='ltr'><strong>consilia</strong></span> 
     </span>
     <span class='ocr_line' id='line_1_35' title="bbox 350 3867 2363 3960; baseline -0.001 -19"><span class='ocrx_word' id='word_1_230' title='bbox 350 3869 756 3941; x_wconf 83' lang='lat' dir='ltr'><strong>sacerdotis</strong></span> <span class='ocrx_word' id='word_1_231' title='bbox 805 3867 1220 3942; x_wconf 86' lang='lat' dir='ltr'><strong>Sverreris:</strong></span> <span class='ocrx_word' id='word_1_232' title='bbox 1294 3885 1386 3941; x_wconf 77' lang='lat' dir='ltr'><strong>‘se</strong></span> <span class='ocrx_word' id='word_1_233' title='bbox 1454 3872 2132 3960; x_wconf 68' lang='lat' dir='ltr'><strong>consangvinitatem</strong></span> <span class='ocrx_word' id='word_1_234' title='bbox 2201 3889 2363 3940; x_wconf 81' lang='lat' dir='ltr'><strong>eum</strong></span> 
     </span>
     <span class='ocr_line' id='line_1_36' title="bbox 351 3967 2361 4065; baseline -0.001 -26"><span class='ocrx_word' id='word_1_235' title='bbox 351 3967 716 4041; x_wconf 85' lang='lat' dir='ltr'><strong>Sverrere</strong></span> <span class='ocrx_word' id='word_1_236' title='bbox 770 3970 1204 4065; x_wconf 87' lang='lat' dir='ltr'><strong>ordinesque</strong></span> <span class='ocrx_word' id='word_1_237' title='bbox 1255 3971 1510 4065; x_wconf 84' lang='lat' dir='ltr'><strong>quihus</strong></span> <span class='ocrx_word' id='word_1_238' title='bbox 1548 3980 1756 4040; x_wconf 86' lang='lat' dir='ltr'><strong>esset</strong></span> <span class='ocrx_word' id='word_1_239' title='bbox 1779 3972 2082 4041; x_wconf 88' lang='lat' dir='ltr'><strong>initiatus</strong></span> <span class='ocrx_word' id='word_1_240' title='bbox 2122 3967 2361 4040; x_wconf 85' lang='lat' dir='ltr'><strong>ecele-</strong></span> 
     </span>
     <span class='ocr_line' id='line_1_37' title="bbox 349 4071 2360 4164; baseline -0.001 -23"><span class='ocrx_word' id='word_1_241' title='bbox 349 4071 705 4156; x_wconf 77' lang='lat' dir='ltr'><strong>siastieoS,</strong></span> <span class='ocrx_word' id='word_1_242' title='bbox 756 4072 819 4142; x_wconf 91' lang='lat' dir='ltr'><strong>si</strong></span> <span class='ocrx_word' id='word_1_243' title='bbox 872 4071 1512 4163; x_wconf 83' lang='lat' dir='ltr'><strong>congrederentur,</strong></span> <span class='ocrx_word' id='word_1_244' title='bbox 1568 4072 1769 4164; x_wconf 87' lang='lat' dir='ltr'><strong>parvi</strong></span> <span class='ocrx_word' id='word_1_245' title='bbox 1820 4072 2360 4141; x_wconf 85' lang='lat' dir='ltr'><strong>aestimaturum:</strong></span> 
     </span>
     <span class='ocr_line' id='line_1_38' title="bbox 351 4164 2370 4272; baseline 0 -23"><span class='ocrx_word' id='word_1_246' title='bbox 351 4168 580 4250; x_wconf 86' lang='lat' dir='ltr'><strong>videri</strong></span> <span class='ocrx_word' id='word_1_247' title='bbox 609 4170 749 4244; x_wconf 86' lang='lat' dir='ltr'><strong>sibi</strong></span> <span class='ocrx_word' id='word_1_248' title='bbox 781 4170 979 4250; x_wconf 84' lang='lat' dir='ltr'><strong>illum</strong></span> <span class='ocrx_word' id='word_1_249' title='bbox 1015 4193 1195 4245; x_wconf 84' lang='lat' dir='ltr'><strong>suos</strong></span> <span class='ocrx_word' id='word_1_250' title='bbox 1224 4180 1574 4268; x_wconf 84' lang='lat' dir='ltr'><strong>cognatos</strong></span> <span class='ocrx_word' id='word_1_251' title='bbox 1602 4174 1699 4244; x_wconf 83' lang='lat' dir='ltr'><strong>ita</strong></span> <span class='ocrx_word' id='word_1_252' title='bbox 1722 4179 2045 4244; x_wconf 81' lang='lat' dir='ltr'><strong>tractare.</strong></span> <span class='ocrx_word' id='word_1_253' title='bbox 2127 4164 2370 4272; x_wconf 72' lang='lat' dir='ltr'><strong>Quam</strong></span> 
     </span>
    </p>
   </div>
   <div class='ocr_carea' id='block_1_7' title="bbox 2946 3987 2949 4653">
    <p class='ocr_par' dir='ltr' id='par_1_8' title="bbox 2946 3987 2949 4653">
     <span class='ocr_line' id='line_1_39' title="bbox 2946 3987 2949 4653; baseline 0 0"><span class='ocrx_word' id='word_1_254' title='bbox 2946 3987 2949 4653; x_wconf 95' lang='lat' dir='ltr'><strong> </strong></span> 
     </span>
    </p>
   </div>
  </div>
 </body>
</html>
