2950 4709
352 362 717 433 c.99-10.0.
786 367 1152 417 rus-roam
1211 367 1435 417 umus
1491 367 1926 419 svnumzmsa
2199 337 2361 442 ΠΙ

357 574 501 646 que
553 553 886 626 ancillula
941 575 1035 625 ex
1091 553 1422 627 eubiculo
1479 576 1821 648 egressa,
1892 560 2053 651 quae
2106 551 2361 627 lotrieo

354 653 643 746 (bacillo
698 654 1096 748 lavatorio),
1150 655 1336 749 quod
1394 666 1869 743 manu-tenet,
1921 654 2200 750 planum
2259 655 2361 726 la-

354 755 589 848 pidem
647 758 1088 849 pereutiens:
1145 760 1439 841 utinam,
1495 759 1738 851 inquit,
1792 766 2004 849 eaput
2053 753 2363 827 Sverrea-

350 857 453 926 ris
504 855 617 927 hie
678 855 1054 927 subesset!
1125 854 1274 926 Sed
1331 855 1550 927 nihilo
1602 860 1832 928 minus
1880 854 2036 926 fieri
2095 864 2361 950 potest,

353 965 433 1025 ut
478 954 790 1027 Sverrer
839 956 1091 1027 morbo
1134 960 1489 1028 moriatur.
1569 955 1815 1028 Sciant
1848 958 2062 1046 'regis
2111 957 2364 1048 Magni

254 1141 258 1146 ᾗ
352 1054 640 1143 militeS,
695 1059 815 1152 qui
863 1056 1004 1129 hoe
1058 1071 1410 1129 conventu
1460 1056 1862 1142 adfuerunt,
1917 1056 2055 1127 sibi
2109 1078 2202 1126 ex
2232 1077 2361 1149 op·-

354 1156 523 1247 pido
577 1170 741 1227 ante
795 1160 1075 1230 tertium
1112 1155 1368 1228 abhine
1414 1159 1597 1228 diem
1637 1157 2136 1228 excedendum
2169 1177 2363 1227 esse.

348 1253 642 1327 Nostris
712 1258 1035 1329 omnibus
1103 1261 1388 1344 amieis,
1456 1262 1578 1352 qui
1646 1262 1718 1329 in
1787 1258 1927 1329 hoc
1982 1257 2400 1356 concilium,

351 1368 723 1444 venerunt,
775 1358 988 1429 Deus
1040 1362 1336 1449 gratiam
1384 1359 1673 1432 referat.

504 1455 680 1527 Rex
732 1454 1052 1529 Sverrer
1103 1465 1262 1528 tota
1315 1457 1700 1554 Norveqia
1737 1461 2029 1553 potitus
2078 1467 2209 1529 est.

555 1556 723 1627 100.
823 1556 1009 1628 Post
1059 1556 1322 1628 obitum
1373 1559 1627 1651 Magni
1675 1561 1898 1651 regis,
1950 1580 2086 1630 rex
2137 1556 2361 1629 Sver-

354 1676 480 1728 rer
530 1656 780 1727 eadem
845 1667 1096 1728 aestate
1150 1660 1496 1729 orientem
1548 1679 1811 1729 versus
1862 1662 1932 1728 in
1981 1657 2237 1729 Vikam
2287 1667 2363 1729 et

351 1757 439 1827 ad
514 1749 882 1828 extremos
952 1778 1186 1852 usque
1263 1760 1469 1850 regni
1537 1757 1800 1830 limites
1870 1758 2361 1852 proficiscenS,

347 1867 566 1928 totam
620 1867 880 1929 terram
928 1858 1067 1928 sihi
1118 1856 1461 1951 subjecit,
1522 1861 1804 1930 nemine
1858 1861 2057 1951 regis
2107 1856 2360 1929 volun·-

351 1961 471 2027 tati
529 1968 1012 2052 repugnante,
1080 1963 1365 2054 jamque
1418 1980 1598 2030 suos
1648 1962 1869 2031 totius
1919 1961 2126 2050 regni
2180 1980 2381 2052 prae·.

352 2056 589 2129 sectos
643 2053 1023 2131 constituit.
1126 2058 1255 2131 Sie
1321 2079 1454 2130 rex
1507 2057 1822 2132 Sverrer
1881 2058 2087 2131 solus
2138 2061 2362 2130 totius

348 2157 741 2251 Norvegiae
798 2161 1123 2232 dominus
1192 2159 1421 2231 faetus
1474 2170 1628 2247 est,
1691 2170 1966 2254 septem
2013 2162 2153 2252 jam
2209 2159 2378 2256 hie(
2485 2247 2492 2252 ¹

353 2258 615 2343 mibuS,
672 2280 766 2329 ex
819 2282 960 2353 quo
1011 2264 1290 2351 regium
1343 2263 1413 2330 ei
1464 2281 1722 2331 nomen
1778 2262 2012 2332 datum
2068 2269 2216 2345 est,
2289 2268 2364 2330 et

354 2360 703 2452 quinque,
773 2379 869 2427 ex
920 2381 1062 2453 quo
1114 2359 1453 2451 Erlingus
1509 2361 1810 2452 dynasta
1861 2359 2156 2445 cecidit,
2212 2358 2360 2429 ela-

350 2460 525 2551 psis.
627 2456 805 2529 Tum
861 2457 1272 2551 complures
1323 2480 1611 2531 suorum
1665 2460 1962 2531 honoris
1993 2459 2213 2530 titulis
2243 2479 2362 2529 or-

352 2562 567 2645 navit,
619 2557 803 2630 alios
854 2558 1327 2653 praefecturis,
1381 2556 1563 2630 alios
1603 2559 2133 2644 salariisauxit,
2185 2557 2364 2629 mui-

349 2668 468 2729 tos
539 2663 747 2730 etiam
832 2658 1084 2752 amplis
1151 2662 1428 2731 uxoriis
1509 2659 2032 2731 conditionibus
2101 2658 2361 2730 beavit.

350 2758 630 2832 Multos
684 2781 777 2830 ex
828 2763 941 2845 iis„
996 2764 1115 2853 qui
1171 2781 1332 2831 eum
1386 2763 1456 2830 in
1510 2782 1739 2853 regno
1796 2760 2182 2832 obtinendo
2235 2760 2361 2830 ad-

338 2864 714 2951 juverant,
765 2862 856 2931 ad
910 2860 1226 2933 honores
1280 2863 1550 2948 evexit,
1604 2882 1901 2957 quorum
1955 2859 2360 2946 nonnulloS,

354 2963 470 3052 qui
525 2960 840 3033 obscuro
896 2983 1171 3052 genere
1225 2965 1362 3033 orti
1406 2962 1758 3048 dicuntur,
1812 2983 2191 3055 procerum
2244 2981 2362 3032 or-

352 3059 497 3131 dini
546 3061 949 3153 adscripsit,
1003 3082 1301 3156 quorum
1353 3083 1645 3154 semper
1685 3072 1937 3155 postea
1968 3061 2363 3133 firmissima

352 3180 575 3255 opera
659 3159 1007 3230 utebatur.
1124 3160 1290 3231 Rex
1357 3158 1672 3232 Sverrer
1747 3182 2074 3231 sororem
2159 3182 2362 3231 suam

353 3260 691 3333 Ceeilia‘m
744 3257 988 3331 Bardo
1042 3259 1395 3331 Guttormi
1450 3259 1632 3346 filio,
1699 3258 2081 3345 Reinensi,
2132 3258 2362 3330 eollo·

350 3365 578 3447 eavit3
649 3360 832 3433 Ivari
884 3359 1138 3432 Selkio
1193 3359 1729 3455 SkJaldvaram,
1780 3359 1990 3430 filiam
2047 3359 2362 3430 Andreae

353 3459 801 3560 Skjaldvarae
855 3460 999 3549 filii,
1054 3470 1340 3555 nuptum
1404 3462 1620 3533 dedit.
1720 3459 1990 3532 Petrus
2040 3460 2363 3555 Rangius

353 3581 655 3632 uxorem
709 3562 904 3631 duxit
952 3561 1462 3657 lngibjargam,
1533 3584 1736 3657 quam
1793 3564 1866 3631 in
1919 3564 2364 3633 matrimonio

352 3661 699 3733 habuerat
764 3659 925 3731 lvar
990 3662 1193 3732 Elda.
1315 3662 1587 3735 Multas
1664 3661 1842 3734 alias
1910 3663 2366 3733 conditiones

351 3765 479 3848 iis,
577 3781 873 3854 quorum
948 3764 1017 3830 in
1081 3784 1311 3854 regno
1373 3763 1771 3833 obtinendo
1842 3782 2064 3856 opera
2132 3761 2366 3836 fuerat

357 3884 554 3949 usuS,
609 3859 1031 3947 conciliavit,
1081 3861 1486 3957 multosque
1537 3862 1621 3931 ad
1679 3864 2133 3956 principatum
2184 3882 2356 3932 eve-

355 3965 496 4052 xit3
549 3973 836 4056 tumque
890 3966 1109 4033 creati
1160 3972 1326 4033 sunt
1375 3962 1723 4056 praefecti,
1779 3962 2122 4034 donatarii
2176 3963 2364 4033 dieti.

344 4061 515 4137 ‚Una
565 4071 729 4157 post
778 4062 1039 4149 hieme,
1091 4084 1294 4157 quam
1335 4085 1466 4136 rex
1505 4064 1819 4156 Magnus
1875 4063 2172 4148 obierat,
2225 4084 2364 4133 rex

355 4160 669 4235 Sverrer
751 4166 1253 4238 matrimonium
1339 4165 1522 4252 iniit,
1628 4184 2072 4261 uxoremque
2160 4163 2367 4237 duxit
