2950 4709
598 324 711 411 18
1027 346 1394 408 msrromn
1448 346 1673 396 uncus
1733 346 2170 398 svnnnlznrs.
2412 344 2486 410 c,
2520 346 2621 413 ιο,

605 538 1056 623 interrogare
1105 528 1247 602 sibi
1297 531 1502 601 visus
1555 538 1696 601 est:
1766 532 1928 623 quis
1980 551 2104 616 es,
2159 528 2444 602 domine
2464 569 2486 616 ,-
2537 536 2619 602 ut

609 642 811 705 eerto
863 634 1105 716 seiam,
1156 640 1229 701 te
1281 651 1323 700 a
1372 628 1542 701 Deo
1598 633 1886 702 missum
1928 651 2120 702 esse.
2191 627 2441 702 Senex
2480 633 2614 704 ite-

605 757 758 806 rum
830 731 1320 825 respondenS,
1387 727 1817 802 Sverrerem
1883 730 2074 803 bono
2145 751 2318 803 esse
2381 734 2614 803 animo

598 836 838 929 jussit,
886 853 974 904 se
1026 832 1115 904 ad
1170 853 1329 903 eum
1357 853 1396 902 a
1425 830 1594 902 Deo
1634 833 1926 903 missum
1967 852 2140 903 esse
2171 831 2622 903 confirmans,

609 934 776 1027 Quo
825 937 987 1026 ipso
1039 935 1210 1027 pari,
1261 941 1383 1004 aut
1410 935 1622 1003 etiam
1654 934 1901 1024 majori
1931 935 2186 1004 timore
2216 932 2615 1026 perturbari

607 1036 746 1108 sibi
795 1038 1000 1106 visus
1054 1043 1185 1105 est.
1285 1030 1466 1104 Tum
1519 1053 1752 1106 senex
1806 1056 1967 1105 eum
2019 1031 2378 1125 prehensa
2406 1055 2618 1108 manu

502 1210 510 1217 ,
607 1146 937 1209 evectum
985 1137 1081 1205 ita
1130 1136 1345 1205 tertio
1396 1131 1889 1226 compellavit:
1958 1151 2051 1203 ne
2103 1142 2419 1220 metuas,
2472 1133 2619 1205 fra·-

605 1247 759 1325 ter,
827 1257 970 1329 pax
1022 1232 1295 1307 tecum!
1365 1255 1508 1326 ego
1562 1237 1745 1304 enim
1796 1256 1954 1306 sum
2008 1231 2341 1321 Samuel,
2409 1243 2618 1306 vates

607 1338 908 1423 divinuS,
961 1339 1081 1431 qui
1110 1334 1256 1405 D'ei
1305 1330 1628 1405 mandata
1678 1334 1766 1406 ad
1794 1344 1869 1406 te
1901 1334 2332 1428 perferenda
2359 1332 2616 1414 habeo.

601 1437 736 1509 His
789 1438 994 1509 dietis
1047 1459 1089 1507 e
1138 1456 1337 1529 pera,
1389 1456 1551 1529 quae
1604 1435 1695 1506 de
1728 1433 1922 1506 eollo
1952 1437 2316 1530 pependit,
2365 1457 2615 1521 eornu,

603 1533 701 1619 i'u⁸
744 1559 888 1632 quo
938 1535 1245 1609 chrisma
1284 1556 1469 1626 =esse
1522 1535 1933 1628 videbatur,
2005 1538 2330 1608 extraxit.
2391 1533 2614 1626 ⁴Tum

602 1660 836 1712 senex
903 1635 1330 1710 Sverrerem
1398 1639 1494 1708 ita
1545 1637 1796 1710 aflatus
1849 1646 1997 1708 est:
2068 1636 2375 1710 ostende
2444 1635 2613 1707 mihi

601 1761 850 1811 manus
900 1748 1083 1811 tuas.
1183 1737 1350 1831 Ipse
1415 1747 1784 1832 utramque
1835 1759 2111 1814 manum
2166 1758 2332 1809 mox
2382 1740 2612 1831 porri-

604 1859 785 1932 gere
837 1838 976 1912 sibi
1024 1843 1227 1914 visus
1281 1846 1412 1909 est.
1513 1836 1710 1909 Idem
1763 1841 1872 1909 vir
1908 1859 2157 1910 manus
2195 1839 2356 1929 ejus
2391 1841 2632 1925 unxit,‘

606 1942 893 2012 dicens:
957 1938 1071 2010 hae
1122 1959 1370 2008 manus
1417 1947 1934 2009 consecrentur
1986 1947 2061 2009 et
2110 1936 2618 2022 confirmentur

602 2041 694 2113 ad
763 2042 1000 2111 odium
1066 2041 1137 2108 in
1204 2039 1526 2110 inimicos
1597 2047 1671 2110 et
1737 2039 2197 2110 adversarios
2263 2047 2467 2126 tuoS,
2532 2047 2616 2110 ut

602 2140 843 2211 multis
905 2139 1188 2233 populis
1249 2141 1584 2233 imperes
1700 2138 1985 2229 Quibus
2039 2140 2247 2211 dietis
2298 2137 2611 2224 Sverre-

601 2241 756 2332 rem
801 2240 1192 2326 osculatus,
1243 2238 1601 2338 prehensa
1656 2234 1932 2327 dextra,
1982 2243 2090 2311 sie
2120 2239 2614 2334 compellavit:

603 2363 699 2413 ex
749 2340 1229 2412 consertorum
1282 2338 1593 2410 bostium
1644 2339 1890 2433 globo,
1944 2361 2085 2435 quo
2126 2342 2613 2428 circumdariS‚
2709 2425 2713 2430 ,

605 2446 950 2514 orientem
1019 2462 1285 2513 versus
1351 2438 1538 2512 elabi
1606 2462 1908 2531 eonare3
1993 2463 2127 2513 rex
2205 2446 2389 2513 enim
2455 2441 2612 2514 fies.

603 2542 1174 2638 Sverreremque
1226 2546 1481 2613 iterum
1534 2541 1938 2616 osculatus:
2000 2541 2208 2615 sortis
2258 2565 2343 2615 ae
2395 2542 2610 2614 robu-

601 2655 759 2715 stus
812 2646 953 2729 sis»,
1013 2653 1088 2714 te
1140 2645 1324 2714 enim
1374 2642 1585 2713 Deus
1635 2642 2008 2736 adjuvabit.
2107 2641 2298 2722 Dein
2354 2664 2610 2715 somno

604 2752 1098 2836 experrectuS,
1150 2742 1528 2814 duodecim
1578 2747 1775 2830 viris,
1829 2747 1947 2838 qui
1999 2747 2069 2813 in
2102 2744 2357 2815 eodem
2393 2754 2608 2839 atque

599 2847 757 2936 ipse
810 2842 1143 2916 eubiculo
1174 2841 1636 2930 dormiebant,
1690 2843 1832 2916 hoe
1865 2849 2209 2916 somnium
2244 2843 2609 2939 extemplo

599 2942 865 3029 retulit,
916 2943 1105 3038 quod
1158 2944 1442 3037 quidem
1498 2944 1823 3016 omnihus
1873 2954 1947 3017 et
1994 2968 2320 3040 magnum
2350 2954 2425 3017 et
2459 2969 2608 3017 me-

468 3103 481 3114 ,
600 3043 944 3115 morabile
1011 3043 1421 3131 videbatur,
1491 3048 1788 3142 suisque
1856 3047 2183 3119 omnibus
2249 3046 2439 3118 haud
2503 3049 2608 3118 in-

599 3155 872 3238 gratum
927 3147 1211 3216 exstitit.
1313 3143 1636 3240 Cumque
1669 3146 1756 3219 ab
1809 3141 1925 3234 iis,
1975 3157 2054 3220 ut
2102 3151 2452 3220 somnium
2502 3149 2607 3234 inr-
2661 3157 2678 3168 ’“

596 3255 1194 3341 terpretarentur,
1261 3256 1581 3339 peteret,
1637 3253 2041 3336 neminem,
2106 3252 2227 3341 qui
2278 3270 2430 3319 rem
2481 3270 2608 3340 ag-

586 3348 810 3438 gredi
861 3346 1200 3432 auderet,
1266 3348 1714 3439 reperiebat,
1778 3347 2106 3422 omnibus
2154 3359 2389 3420 tamen
2444 3370 2610 3423 eum

598 3448 849 3518 faustis
874 3446 1221 3517 ominibus
1250 3449 1654 3521 somniasse
1687 3449 2111 3543 putantibus.
2185 3448 2608 3543 Intelligens

597 3546 856 3633 autem,
908 3545 1051 3617 hoe
1100 3549 1446 3617 somnium
1501 3571 1643 3622 non
1677 3548 2126 3643 explanatum
2157 3552 2263 3638 iri,
2315 3554 2611 3638 monuit,

596 3656 676 3719 ut
727 3645 884 3718 baee
934 3645 1071 3718 sibi
1122 3649 1194 3716 in
1246 3651 1520 3720 somnis
1572 3648 1808 3722 oblata
1854 3671 2025 3723 esse
2062 3651 2610 3724 dissimularent.

598 3745 755 3819 Sed
807 3768 1099 3832 omnes,
1170 3750 1287 3842 qui
1339 3749 1672 3837 aderant,
1725 3754 1887 3823 viso
1938 3750 2081 3826 boe
2133 3756 2610 3826 somniem&-

597 3870 806 3941 gnam
855 3850 1064 3922 animi
1117 3851 1275 3941 ejus
1326 3855 1942 3928 commutationem
1992 3852 2246 3926 factam
2297 3853 2609 3925 animad-

594 3952 907 4021 vertisse
937 3948 1078 4021 sibi
1103 3951 1239 4021 visi
1285 3959 1469 4022 sunt.
1574 3950 1757 4045 Quae
1815 3957 2045 4026 omnia
2094 3957 2396 4026 animum
2450 3957 2611 4046 ejus

595 4048 809 4122 valde
860 4048 1245 4122 sollicitum
1293 4050 1714 4142 babuerunt,
1766 4077 1978 4152 quum
2008 4058 2081 4138 iu
2113 4058 2359 4147 ignota
2390 4064 2609 4141 terra,

593 4148 848 4223 incolis
901 4149 1588 4246 omnibusignotuS,
1631 4164 2069 4229 versaretur.
2154 4152 2321 4247 Quo
2359 4175 2608 4232 acces-
