2950 4709
330 373 413 444 c,
442 372 584 438 14&
772 372 1134 426 merome
1191 373 1414 424 nnete
1467 373 1887 426 svennmm
2046 431 2053 443 ,
2170 348 2348 439 249

335 561 504 634 loco
553 584 871 655 magnam
913 561 1312 656 Baglorum
1352 562 1865 637 multitudinem
1891 558 2346 637 trucidarunt.

336 663 504 755 Quo
558 667 859 757 strepitu
911 685 1405 759 armorumque
1461 665 1742 737 fremitu
1794 667 2060 752 audito,
2110 663 2346 757 Bagli,

334 766 453 858 qui
507 761 674 836 loco
727 767 1089 836 remotiori
1140 769 1623 851 constiterant,
1680 766 1928 839 hostes
1956 767 2367 838 advenisse·

329 867 711 958 suspicati,
780 886 1031 936 omues
1083 886 1217 951 eo,
1285 866 1475 937 unde
1548 865 1816 937 clamor
1880 875 1955 938 et
2001 868 2347 959 strepitus

230 1005 240 1013 -
333 985 688 1037 armorum
732 963 1270 1052 exaudiebatur,
1317 968 1537 1036 remis
1563 967 2102 1052 contenderunt,
2153 983 2346 1037 cum⁴

334 1085 476 1156 que
547 1065 811 1138 adesse
864 1064 1145 1136 hostem
1199 1074 1401 1137 certo
1453 1069 2009 1158 cognovissent,
2078 1069 2147 1135 in
2195 1075 2344 1136 ter-

334 1185 482 1235 ram
541 1174 1037 1251 excurrerunt,
1089 1164 1406 1259 praelium
1458 1168 1928 1240 commissuri.
2019 1163 2346 1258 Quorum

331 1264 709 1336 adventum
741 1264 1138 1337 Birkibeini
1192 1266 1451 1337 eodem
1480 1265 1670 1338 loco
1721 1288 1867 1339 non
1914 1275 2349 1361 exspectem

330 1372 487 1451 ωε,
567 1366 846 1438 obviam
913 1368 1001 1438 iis
1069 1376 1575 1453 occurrerunt,
1655 1370 2135 1461 impetumque
2203 1375 2346 1437 tam

273 1459 297 1542 ζ
329 1463 829 1539 vehementem
881 1469 952 1536 iu
1004 1486 1139 1537 eos
1189 1466 1567 1553 dederunt,
1623 1477 1697 1536 ut
1723 1464 1975 1559 Baglis
2009 1469 2344 1559 optimum

328 1566 527 1657 quod
577 1574 923 1659 caperent
971 1562 1343 1637 consilium
1397 1585 1574 1638 esse
1624 1566 2033 1651 videretur,
2095 1568 2168 1635 iu
2218 1583 2347 1658 pe-

334 1664 470 1735 des
520 1686 607 1737 se
659 1669 1021 1758 conjicere
1068 1684 1438 1760 navesque
1473 1676 1834 1759 repetere.
1915 1663 2349 1760 Complures

332 1773 590 1852 tamen,
643 1769 1047 1860 priusquam
1102 1766 1638 1852 discessissent,
1688 1769 2096 1853 amiserunt,
2145 1763 2347 1836 multi

264 1897 272 1903 ·
333 1866 405 1934 in
459 1888 654 1937 mare
706 1887 792 1936 se
844 1869 1404 1959 praecipitarunt3
1461 1867 1774 1961 indeque
1824 1864 2037 1961 Bagli
2087 1863 2349 1937 retina-‘

301 1964 519 2037 culis
568 1967 832 2039 solutis
882 1986 1133 2036 omues
1188 1987 1412 2038 naves
1466 1975 1672 2038 extra
1722 1969 1936 2038 ictum
1986 1965 2118 2038 teli
2169 1966 2345 2036 edu-

328 2076 606 2137 xerunt.
710 2064 1106 2141 Birkiheini
1166 2085 1436 2161 pecora
1484 2087 1735 2138 secum
1784 2070 2164 2138 introrsum
2214 2064 2349 2135 Al-

328 2167 717 2238 rekstados
798 2187 1061 2238 versus
1145 2167 1659 2260 compulerunt.
1790 2165 2004 2260 Ba‘gli
2082 2175 2344 2251 autem,

331 2266 540 2338 clade
607 2265 1016 2359 explorata,
1085 2288 1412 2359 maguum
1474 2288 1565 2339 se
1632 2267 1923 2338 militum
1975 2287 2349 2339 numerum

332 2368 659 2437 amisisse
711 2367 1397 2453 animadverterunt3
1476 2387 1614 2461 qua
1664 2388 1749 2439 re
1804 2388 2054 2460 magua
2102 2386 2188 2437 se
2239 2365 2351 2436 as·-

331 2464 570 2536 sectos
621 2467 997 2559 ignominia
1039 2466 1465 2557 judicantes,
1518 2465 1612 2537 ad
1664 2466 2146 2539 ulciscendum
2198 2486 2345 2535 ma·-

333 2586 657 2659 gnopere
741 2564 1078 2637 stimulati
1159 2573 1344 2636 sunt.
1460 2563 1707 2660 Itaque
1790 2573 2345 2659 cognoscentes»,

333 2688 582 2759 regem
637 2664 1066 2737 Sverrerem
1134 2667 1464 2757 exiguam
1518 2688 1791 2738 manum
1844 2666 2030 2759 apud
2082 2686 2169 2737 se
2221 2664 2347 2736 ha-

330 2766 551 2853 bere,
622 2763 930 2838 classem
983 2770 1203 2838 remis
1255 2767 1759 2861 propulerunt,
1828 2786 2190 2861 cursuque
2239 2769 2345 2836 in-

331 2877 641 2938 trorsum
696 2868 971 2952 directo
1023 2870 1254 2939 sinum
1282 2865 1926 2940 Alrekstadensem
1981 2869 2345 2953 intrarunt,

329 2968 772 3061 navibusque
841 2970 914 3039 in
982 2970 1292 3040 intimum
1344 2971 1575 3039 sinum
1627 2967 1947 3062 appulsis
2001 2988 2351 3038 excurre·

331 3078 493 3138 runt
541 3070 912 3160 aciemque
967 3071 1476 3154 instruxerunt.
1563 3067 1674 3139 Eo
1729 3077 2056 3161 tempore
2107 3065 2347 3138 clarus

333 3168 494 3238 dies
547 3165 910 3251 illuxerat„
962 3167 1554 3259 commodumque
1607 3167 1886 3252 accidit,
1940 3166 2132 3262 quod
2182 3164 2345 3236 Bir-

331 3266 597 3338 kibeini
644 3266 954 3342 nondum
994 3269 1507 3358 praeterierant.
1587 3262 1756 3336 Rex
1785 3264 2101 3337 Sverrer
2131 3267 2381 3335 exer?

330 3369 541 3439 citum
608 3364 998 3459 Baglorum
1068 3367 1482 3459 conspexit,
1568 3386 1847 3461 eosque
1923 3364 2345 3460 insequendi

332 3468 446 3536 sui
500 3464 687 3536 haud
742 3476 1097 3559 pertaesos
1164 3486 1333 3536 esse
1386 3466 1758 3539 intellexit„
1860 3465 2106 3560 ltaque
2155 3464 2344 3559 apud

334 3564 597 3635 milites
626 3568 1108 3652 concionatuS,
1160 3564 1348 3637 huuc
1401 3569 1471 3636 iu
1525 3566 1805 3639 modum
1859 3566 2078 3640 verba
2133 3564 2342 3637 fecit:

335 3668 408 3734 in
488 3685 802 3757 magnam
872 3686 1074 3759 spem
1143 3669 1393 3751 venio,
1480 3667 1639 3737 fore
1717 3675 1796 3738 ut
1861 3671 2114 3737 iterum
2183 3687 2344 3736 cum

259 3816 264 3822 .
335 3763 590 3858 Baglis
642 3765 1221 3855 congrediamur3
1289 3769 1527 3859 itaque
1598 3769 1669 3835 in
1716 3766 1994 3837 clivum
2044 3766 2346 3837 adscen-

340 3865 614 3948 damuS,
666 3864 975 3957 indeque
1028 3867 1357 3957 impetum
1412 3868 1485 3934 in
1521 3885 1653 3937 eos
1688 3888 1901 3959 quam
1930 3868 2345 3936 acerrimum

336 3964 714 4050 faciamus,
784 3985 931 4058 quo
995 3963 1181 4035 facto
1250 3967 1473 4035 aciem
1548 3985 1794 4038 eorum
1861 3965 2347 4036 inclinaturam

123 4105 140 4112 -
231 4143 237 4158 ¹
343 4058 618 4157 opinor.'
712 4062 1140 4148 Birkibeini,
1218 4066 1574 4159 superiori
1639 4066 2162 4137 consvetudine
2215 4066 2346 4149 usi,

313 4163 680 4238 »audacter
762 4174 1399 4258 procucurrerunt,
1502 4174 1837 4264 tantoque
1928 4168 2192 4263 impetu
2276 4164 2346 4236 in
