2950 4709
308 382 544 452 (2130,
617 447 624 454 ,
767 388 1132 436 ιιιετοιιιᾼ
1190 368 1414 434 nne'is
1469 384 1906 433 svnnnnnrs.
2149 358 2319 446 311

307 586 556 648 natura
586 574 813 646 morbi
849 577 917 645 in
948 574 1357 645 alterutram
1389 583 1654 667 partem
1682 568 2033 644 inclinetl.
2101 569 2321 663 Quod

309 680 520 746 etiam
571 675 829 747 sactum
886 685 1036 761 est,
1088 697 1242 745 nam
1271 676 1715 768 procedente
1763 674 1879 743 die
1932 675 2158 766 major
2209 676 2320 744 vis

306 777 537 847 morbi
589 779 919 848 accessit.
1020 773 1371 868 Sequenti
1421 796 1625 845 mane
1690 795 1829 845 rex
1891 773 2318 845 sacerdotes

308 898 403 946 ex
455 878 715 971 oppido
769 878 1042 947 arcessi
1082 879 1338 967 Jussit,
1414 879 1537 970 qui
1599 894 1686 945 se
1756 874 1847 944 ad
1918 894 2077 944 eum
2147 873 2317 944 oleo

303 988 551 1048 sancto
619 977 1031 1069 ungendum
1109 979 1585 1047 accinxerunt.
1718 972 2003 1045 Interim
2068 973 2323 1045 literas

307 1078 400 1148 de
453 1079 662 1171 regni
714 1079 1355 1162 administratione,
1417 1097 1596 1170 quas
1647 1073 1930 1146 Hakoni
1980 1073 2125 1146 filio
2178 1094 2314 1145 suo

303 1180 528 1264 misit,
597 1178 1000 1250 recitandas
1069 1186 1143 1247 et
1209 1175 1689 1268 obsignandas
1753 1178 2045 1247 curavit
2147 1173 2315 1264 Quo

301 1278 491 1349 sacto
545 1279 935 1349 orationem
990 1277 1078 1348 ad
1133 1297 1421 1363 omneS,
1475 1279 1596 1370 qui
1649 1277 1978 1362 aderant,
2050 1273 2316 1362 habuit,

301 1376 489 1448 hunc
537 1380 613 1446 in
663 1379 946 1450 modum
998 1376 1222 1448 verba
1267 1376 1577 1446 faciens:
1630 1398 1766 1447 vos
1801 1397 2052 1447 omnes
2082 1384 2316 1446 testes

302 1477 652 1563 adhibeo,
712 1499 872 1562 me,
941 1485 1272 1570 quantum
1341 1478 1604 1561 sciam,
1670 1473 1940 1546 nullum
2006 1478 2078 1544 in
2127 1477 2315 1545 vivis

300 1575 541 1662 filium,
594 1585 858 1669 praeter
909 1575 1137 1646 solum
1166 1574 1560 1660 Hakonem,
1612 1574 1907 1660 babere,
1961 1577 2094 1645 etsi
2125 1573 2313 1644 sorte

304 1685 560 1768 postea
611 1679 755 1746 sint
809 1678 1119 1772 extituri,
1173 1677 1292 1769 qui
1342 1696 1427 1745 se
1481 1677 1574 1745 ita
1606 1673 1990 1768 appellent,
2047 1684 2120 1745 et
2168 1672 2313 1744 boc

301 1777 515 1847 modo
566 1775 814 1847 turbas
865 1777 1235 1847 intestinas
1304 1778 1619 1846 excitare
1674 1775 2026 1845 studeant.
2127 1773 2316 1860 Jam,

300 1878 711 1970 priusquam
764 1874 931 1947 oleo
987 1897 1245 1968 ungar,
1306 1896 1421 1945 me
1473 1879 1545 1945 in
1598 1874 1856 1946 solium
1908 1873 2064 1945 tolli
2117 1873 2314 1961 volo,

300 1975 542 2069 ibique
595 1986 716 2047 aut
764 1976 1066 2047 salutem
1119 1991 1239 2047 aut
1288 1985 1587 2047 mortem
1644 1975 2105 2067 exspectabo.
2187 1971 2315 2045 Sic

301 2075 511 2146 aliter
560 2094 685 2148 res
738 2078 969 2163 cadet,
1022 2079 1131 2147 sic
1180 2075 1369 2147 aliud
1423 2078 1667 2147 audiet
1714 2074 2058 2146 Nicolaus
2109 2073 2316 2144 Arnii

298 2175 511 2263 filius,
561 2199 764 2271 quam
819 2180 1143 2270 opinatus
1197 2177 1356 2262 fuit,
1410 2180 1475 2247 si
1527 2177 1666 2247 boc
1717 2180 1788 2246 in
1841 2175 2061 2260 solio,
2129 2175 2313 2248 solis

301 2279 545 2348 amieis
610 2275 1262 2362 circumstantibus,
1332 2280 1625 2345 animam
1700 2275 2080 2363 efflavero;
2152 2298 2312 2346 cum

300 2375 428 2446 ille
485 2375 781 2462 dixerit,
849 2395 964 2445 me
1037 2380 1192 2447 cani
1245 2385 1319 2445 et
1371 2396 1592 2446 corvo
1647 2376 1911 2468 praedae
1964 2374 2313 2463 futurum3

299 2477 436 2548 sed
466 2475 677 2548 Deus
729 2475 1082 2562 laudetur,
1135 2477 1256 2570 qui
1307 2496 1421 2545 me
1474 2474 1735 2547 multos
1778 2479 1963 2545 inter
2012 2472 2310 2546 labores

302 2575 392 2647 ab
459 2576 674 2645 armis
753 2578 1189 2647 inimieorum
1273 2596 1596 2645 meorum
1662 2583 1882 2645 tutum
1963 2577 2311 2666 praestitit·

297 2675 430 2750 His
484 2675 691 2745 dictis
738 2696 876 2745 rex
928 2675 1096 2746 oleo
1149 2685 1410 2747 unctus.
1456 2685 1608 2761 est,
1674 2697 1815 2767 quo
1868 2674 2056 2744 sacto
2110 2676 2310 2746 vires

301 2779 459 2867 ejus
532 2774 967 2846 decrescere
1037 2779 1420 2869 coeperunt.
1553 2774 1696 2865 Qui
1782 2797 1939 2845 cum
2010 2784 2311 2845 mortem

297 2874 861 2968 adpropinquare
898 2880 1294 2962 sensisset,
1348 2875 1634 2946 locutus
1668 2884 1814 2946 est:
1871 2877 2128 2946 mortui
2170 2879 2312 2945 mei

293 2974 545 3046 faciem
613 2978 1006 3069 inopertam
1073 2979 1359 3061 sinatiS,
1435 2984 1517 3045 ut
1585 2983 1723 3044 tam
1785 2978 2030 3061 amici,
2103 2996 2309 3068 quam

291 3076 555 3144 inimici
604 3078 746 3144 mei
800 3095 1105 3144 cernere
1158 3076 1457 3166 possint,
1509 3095 1671 3143 num
1714 3096 1872 3167 quae
1917 3077 2122 3166 signa
2178 3096 2306 3144 ex-

296 3175 774 3245 secrationum
841 3183 915 3243 et
985 3174 1324 3258 dirarum,
1393 3192 1572 3265 quas
1636 3171 1804 3241 mihi
1855 3175 2116 3243 inimici
2181 3176 2305 3243 im-

295 3274 566 3366 precati
592 3281 778 3357 sunt,
829 3274 897 3341 in
949 3293 1256 3365 corpore
1282 3291 1444 3341 meo
1475 3282 1898 3364 appareant3
1950 3294 2109 3367 quae
2139 3282 2308 3344 tunc

296 3394 340 3442 a
392 3391 508 3443 me
557 3370 781 3442 celari
846 3394 988 3444 non
1056 3380 1425 3465 poterunt,
1495 3374 1559 3442 si
1623 3393 1746 3443 res
1812 3393 1958 3443 non
2025 3373 2306 3443 meliori

297 3471 464 3542 loco
518 3474 634 3557 sit,
687 3493 888 3564 quam
941 3471 1043 3542 illi
1098 3467 1442 3542 dixerunt.
1544 3464 1922 3565 Imperium
1973 3494 2115 3543 non
2167 3483 2303 3545 tam

296 3574 610 3664 quietum
660 3570 894 3658 habui,
948 3593 1150 3667 quam
1201 3569 1589 3659 laboribuS,
1642 3571 1881 3660 bellis,
1937 3572 2301 3646 difficulta-

295 3669 486 3742 tibus
558 3675 980 3760 exercitum3
1051 3690 1220 3741 mea·-
1277 3672 1557 3764 quidem
1628 3673 1976 3743 sententia
2042 3672 2303 3743 multos

367 3829 417 3897 ¹)
455 3828 789 3882 enipeum:
827 3843 884 3881 tu
921 3829 1035 3894 ista,
1075 3830 1301 3895 domine,
1338 3830 1452 3882 aliis
1490 3832 1656 3883 multo
1694 3829 1878 3884 melius
1919 3831 2166 3901 dispicere
2203 3851 2302 3900 po-

291 3939 396 3988 ten
432 3922 524 3975 aed
562 3925 627 3974 ‘eo
658 3942 805 3974 meus
842 3921 1054 3975 inclinat
1100 3921 1329 3987 animus,
1381 3939 1674 3976 sermonem
1723 3923 1789 3976 de
1836 3943 1894 3976 ea
1931 3922 2302 3976 resurreetione

294 4035 421 4079 esse,
459 4032 575 4085 que
608 4013 664 4065 in
702 4013 886 4067 ultimo
925 4014 1119 4079 judicio
1156 4016 1329 4067 sutura
1367 4015 1462 4080 eit,
1514 4028 1566 4069 et
1598 4016 1732 4069 hanc
1778 4030 1808 4069 a·
1861 4016 1972 4068 viro
2009 4016 2063 4068 in
2101 4018 2299 4072 somnis

294 4121 570 4176 apparente
607 4106 942 4180 significatam
982 4106 1288 4179 putaverim.
1351 4107 1451 4163 Cui
1480 4129 1599 4162 rex:
1636 4109 1738 4165 hoe
1775 4130 1895 4164 vero
1931 4129 2040 4164 non
2066 4109 2300 4164 absimile

293 4211 387 4263 eat,
424 4197 573 4252 noluo
610 4198 768 4253 addit
810 4198 875 4252 Β.
