2950 4709
593 373 714 459 66
1031 395 1398 445 innotus
1452 375 1678 444 nnms
1735 393 2175 444 svmumnrs.
2401 388 2477 458 ο,
2501 385 2607 457 37,

628 574 986 650 Ρνωῖἰαηι
1030 580 1231 652 inter
1274 599 1534 673 reyes,·
1585 577 1788 650 cadit
1828 574 2192 673 Erlinqus
2240 576 2582 674 dynasta.

795 676 914 749 37.
1014 677 1181 749 Rex
1246 677 1561 749 Sverrer
1626 678 1714 748 ad
1779 688 2150 749 trecentos
2230 682 2610 771 sexaginta

596 776 887 863 militeS,
939 787 1059 849 aut
1108 773 1459 872 aliquanti)
1512 777 1845 871 amplius,
1905 797 2155 847 secum
2209 797 2251 846 e
2304 777 2609 849 Gaular-

601 876 811 948 dalol
869 878 1194 961 duxerat,
1248 899 1407 970 quae
1436 899 1683 948 manus
1718 879 1931 947 armis
1966 885 2121 947 erat
2161 880 2391 948 minus
2420 878 2610 948 hene

597 981 954 1048 instructa.
1056 975 1337 1062 Coloni,
1389 999 1545 1046 cum
1596 998 1844 1069 poenas
1893 975 1981 1046 ab
2032 976 2331 1068 Erlingo
2386 978 2609 1070 dyna-

597 1088 707 1149 sta
738 1079 968 1162 veriti,
1017 1079 1153 1170 ipsi
1182 1079 1388 1170 sequi
1422 1098 1565 1148 non
1601 1077 1970 1161 auderent,
2023 1079 2398 1170 operarios
2433 1098 2609 1148 suos

600 1179 811 1248 domo
866 1180 1221 1247 misera-nt.
1303 1174 1478 1245 Cum
1530 1197 1708 1247 vero
1737 1173 2129 1245 Birkibeini
2159 1175 2611 1269 Steinhjarga

599 1279 1070 1371 praeterirent,
1127 1277 1238 1346 vir
1287 1277 1569 1369 quidam
1619 1279 1890 1367 ingenti
1942 1279 2269 1369 corporis
2320 1279 2610 1347 virium-

600 1397 741 1470 que
804 1375 1319 1467 magnitudine,
1386 1374 1580 1446 nulla
1644 1396 1877 1460 arma,
1943 1385 2208 1467 praeter
2266 1398 2611 1467 magnam,

598 1498 804 1569 quam
833 1476 1133 1547 humero
1168 1475 1513 1568 portabat,
1561 1478 1898 1568 perticam
1933 1474 2261 1566 ligneam,
2310 1474 2611 1562 hahenS,

598 1585 894 1648 ceteros
945 1596 1162 1647 cursu
1205 1578 1601 1647 antevertit.
1680 1573 1864 1647 Huic
1913 1571 2297 1671 [sacerdos
2327 1561 2608 1647 ozan-2:

600 1699 744 1769 quo
795 1679 1114 1769 cogitas»,
1161 1674 1431 1747 homo?
1494 1696 1719 1747 curve
1770 1678 1863 1746 ita
1914 1696 2073 1745 cum
2124 1678 2398 1767 pertica
2448 1698 2609 1747 cur-

597 1777 754 1846 ris?
818 1777 1101 1847 ubinam
1138 1796 1340 1846 arma
1392 1775 1563 1846 tua?
1628 1774 1816 1858 aliud
1871 1774 2197 1868 profecto
2250 1786 2396 1863 est,
2448 1797 2611 1847 cum

597 1874 895 1968 Erlingo
947 1875 1251 1966 dynasta
1284 1895 1656 1968 pugnare,
1722 1875 1947 1961 aliud,
2009 1873 2436 1947 frumentum
2486 1880 2610 1946 tri-

390 1979 411 2019 '·
532 2039 551 2050 ,
597 1984 879 2059 turare,
947 1977 1063 2045 cui
1122 1977 1415 2065 negotio
1467 1977 1737 2067 pertica
1790 1977 1967 2045 satis
2018 1975 2207 2046 hene
2258 1979 2611 2047 convenit.

598 2073 735 2144 Hic
798 2076 943 2161 vir,
1022 2076 1139 2145 cui
1206 2073 1541 2166 Eyvindo
1609 2094 1867 2145 nomen
1936 2083 2124 2161 erat,
2201 2076 2608 2169 respondit:

599 2196 813 2259 arma,
863 2172 1120 2267 quihus
1171 2195 1438 2244 usurus
1464 2194 1646 2259 sum,
1700 2173 1977 2245 obviam
2017 2174 2184 2245 mihi
2225 2175 2313 2245 ab
2345 2177 2612 2270 oppido

598 2277 910 2361 venient,
959 2295 1117 2344 nam
1169 2271 1402 2346 adhuc
1452 2272 1540 2344 ah
1595 2273 1961 2367 oppidanis
2012 2284 2398 2366 gestantur.
2475 2273 2610 2346 Cui

598 2373 1060 2467 Hjarrandius
1087 2370 1405 2445 Hvida³z
1459 2375 1721 2444 dictum
1752 2377 2077 2467 egregie,
2127 2377 2370 2469 inquit,
2420 2373 2612 2446 haud

602 2474 817 2545 dubie
885 2478 997 2546 vir
1054 2473 1261 2545 fortis
1330 2494 1433 2545 es.
1532 2473 1727 2545 Dein
1781 2496 2054 2566 gaesum
2105 2496 2312 2546 suum
2366 2484 2441 2546 et
2487 2496 2612 2547 se-

600 2578 820 2645 curim
871 2563 1293 2645 manuni-iam
1350 2576 1419 2644 ei
1471 2574 1787 2659 tradidit,
1838 2573 1952 2645 his
2004 2578 2217 2645 armis
2269 2595 2429 2646 eum
2479 2598 2614 2667 pu·-

599 2695 819 2765 gnare
865 2673 1149 2765 jubens.
1248 2672 1645 2744 Birkiheini
1695 2674 1785 2744 ad
1839 2675 2171 2767 oppidum
2219 2674 2612 2746 contende-

599 2781 782 2859 runt,
837 2784 911 2844 et
960 2777 1031 2843 in
1083 2773 1480 2866 oppidanos
1532 2776 1603 2841 in
1642 2794 1820 2864 agro
1850 2795 2066 2868 supra
2103 2777 2367 2861 turrim,
2419 2773 2610 2845 haud

597 2870 851 2966 procul
905 2882 1111 2943 extra
1161 2873 1518 2965 oppidum,
1566 2873 1982 2945 inciderunt.
2081 2872 2251 2944 Rex
2293 2875 2612 2964 Magnus

595 2971 1079 3066 Erlingusqne
1116 2971 1468 3063 dynasta4
1518 2981 1914 3043 sexcentos
1943 2972 2203 3045 milites
2238 2973 2616 3045 habehant·

596 3070 732 3143 Hic
782 3071 1188 3143 vehementi
1238 3073 1531 3165 acrique
1583 3075 2009 3160 certamine,
2073 3074 2208 3144 sed
2258 3095 2402 3144 non
2454 3074 2610 3144 diu·-

597 3175 770 3260 tino,
820 3184 1222 3267 pugnatum.
1297 3169 1585 3244 Thorer
1612 3171 1853 3268 Spaela
1872 3170 1909 3217 ⁵
1961 3172 2300 3245 vexillum
2329 3171 2609 3264 Erlingi

601 3272 922 3365 dynastae
988 3273 1286 3346 serebat.
1403 3272 1834 3367 Complures
1901 3275 2248 3368 utrimque
2318 3273 2608 3344 cecide·

599 3382 800 3457 runt,
870 3371 1119 3465 plures
1186 3384 1419 3444 tamen
1454 3394 1583 3444 ex
1646 3372 2070 3463 Magnianis.
2175 3374 2395 3458 Mox,
2431 3394 2610 3467 *quo

597 3468 764 3540 loco
816 3470 1153 3541 vexillum
1206 3471 1480 3563 Erlingi
1530 3470 2068 3563 praeferebatur,
2119 3476 2267 3544 acri
2310 3475 2607 3566 impres-

599 3571 808 3640 sione
857 3568 1065 3656 sacta,
1115 3567 1401 3641 lerer
1448 3573 1887 3644 necessitate
1933 3572 2348 3665 compulsus
2388 3574 2609 3666 perti-

599 3689 755 3740 cam
804 3668 1061 3740 vexilli
1113 3668 1303 3742 humi
1357 3669 1623 3755 defixit,
1675 3681 1754 3742 ut
1806 3681 2052 3742 erecta
2101 3681 2345 3743 staret.
2425 3669 2609 3743 Tum

597 3772 796 3842 acies
848 3770 1169 3862 dynastae
1221 3781 1419 3843 retro
1485 3770 1789 3860 cedere3
1861 3792 2095 3866 eoque
2147 3773 2430 3844 tandem
2481 3793 2609 3843 res

599 3868 907 3941 deducta
974 3880 1144 3956 est,
1188 3880 1267 3942 ut
1332 3874 1452 3965 qui
1520 3891 1563 3941 e
1630 3868 2068 3944 Birkibeinis
2129 3873 2606 3944 audacissime

592 3972 981 4062 progressi.
1017 3980 1292 4055 essent3¹
1340 3970 1680 4043 vexillum
1736 3993 1779 4041 a
1829 3981 2041 4063 tergo
2081 3971 2610 4066 relinquerent3

663 4105 717 4171 ι)
755 4111 856 4162 oet.
893 4122 1110 4170 omnen·
1155 4108 1445 4174 orbano,
1492 4108 1556 4161 A.
1667 4106 1719 4178 Ω)
1757 4108 2096 4179 gimundin,
2143 4108 2342 4179 uvida·
2394 4108 2465 4168 B·
2549 4109 2604 4180 Ἴ
2731 4089 2744 4098 2

593 4196 800 4265 Hui-da,
837 4196 904 4251 G.
976 4197 1028 4269 ⁴)
1046 4231 1047 4234 =
1067 4200 1305 4271 amplius,
1342 4199 1473 4254 add.
1516 4201 1587 4255 G.
1657 4198 1710 4270 ⁶)
1750 4200 1925 4270 Spole,
1969 4198 2038 4263 G,
2078 4197 2141 4252 F.
2242 4246 2250 4251 .
