2950 4709
362 389 679 456 0373&
796 391 1163 458 msroma
1217 390 1441 440 nurus
1496 390 1930 440 svenne-ms.
2201 368 2368 456 149

363 596 504 669 que
557 576 1007 662 conscendit,
1071 585 1145 647 et
1193 569 1589 648 liberaliter
1638 573 1724 647 ab
1777 597 1957 669 rege
2013 575 2361 671 exceptus

364 685 497 745 est.
596 675 761 747 lvar
811 679 971 768 regi
1022 697 1107 747 se
1164 679 1491 746 comitem
1546 677 1880 769 adjunxit.
1982 677 2147 748 Rex
2190 679 2361 774 ‘Ma-

361 796 547 866 gnus
592 799 755 847 cum
801 777 889 846 ad
928 777 1297 846 divortium
1353 780 1631 846 sinuum
1685 779 2026 863 venisset,
2077 798 2363 849 cursum

360 878 432 944 in
482 879 712 949 sinum
764 876 1107 955 Noricum
1157 877 1374 961 flexit,
1424 875 1733 947 classem
1787 875 2062 947 habens
2114 880 2364 969 viginti

363 987 438 1049 et
486 996 624 1048 sex
673 979 973 1062 navium,
1027 997 1316 1069 quarum
1369 975 1737 1069 pleraeque
1781 980 2362 1068 erantingenteS,

361 1076 696 1169 beneque
748 1078 944 1164 viris,
999 1078 1210 1146 armis
1264 1078 1594 1169 omnique
1648 1075 1822 1147 belli
1871 1088 2206 1170 apparatu
2256 1082 2359 1147 ἰιι-ι

362 1185 674 1248 structae.
1544 1223 1551 1228 -

360 1274 539 1347 Rex
589 1271 909 1347 Sverrer
956 1299 1039 1348 se
1090 1276 1194 1348 ad
1226 1276 1570 1372 praelium
1622 1284 2002 1371 comparat
2015 1330 2043 1359 ,
2094 1281 2361 1350 oratio-

906 1399 1071 1447 nem
1121 1378 1225 1448 ad
1270 1378 1537 1449 milites
1586 1374 1816 1448 habet.

557 1473 682 1547 88.
781 1475 944 1547 Jam
996 1477 1085 1547 ad
1146 1498 1396 1569 regem
1454 1477 1880 1549 Sverrerem
1943 1476 2359 1565 redeamus3

360 1580 425 1648 is
475 1581 804 1669 proximo
855 1587 1025 1670 post
1078 1576 1193 1647 die
1234 1577 1570 1663 Veneris,
1624 1600 1824 1672 quam
1881 1576 2360 1648 Soknadalum

359 1678 709 1749 incendiis
737 1685 1165 1763 vastaverat,
1217 1678 1305 1747 ad
1335 1678 1966 1770 Haugastrandam,
2022 1698 2162 1770 quo
2193 1676 2358 1746 loco

358 1774 743 1848 Fimreitus
796 1778 1089 1863 dicitur,
1163 1781 1606 1864 consistens,
1673 1780 1864 1847 circa
1914 1776 2162 1846 horam
2213 1785 2360 1845 ter-

357 1880 523 1949 tiam
574 1879 1126 1972 pomeridianam
1180 1877 1408 1948 cibum
1460 1876 1813 1965 sumebat3
1855 1877 2127 1947 'ibidem
2185 1877 2359 1946 duo·

362 1979 593 2049 decim
643 1999 894 2065 naveS,
944 1976 1222 2049 duabus
1272 1981 1345 2047 in
1400 1977 1812 2050 Soknadalo
1865 1976 2180 2061 relictis,
2234 1974 2359 2044 ha-

358 2076 590 2150 behat.
696 2076 875 2149 Cum
937 2100 1117 2150 vero
1171 2082 1438 2150 mensis
1491 2078 1913 2172 aliquamdiu
1962 2075 2360 2147 accubitum

363 2189 585 2265 esset,
634 2199 770 2248 rex
822 2180 1192 2272 quosdam,
1252 2184 1371 2274 qui
1426 2201 1470 2250 e
1524 2182 1823 2270 regione
1875 2180 2080 2249 navis
2134 2179 2359 2267 regiae

363 2288 603 2363 erant,
670 2300 829 2348 cum
899 2277 1473 2372 speculatoribus
1551 2280 1769 2349 audiit
1834 2277 2360 2371 colloquenteS,

362 2377 711 2460 dicenteS,
763 2398 1081 2468 magnam
1134 2399 1218 2448 se
1272 2379 1578 2449 classem
1615 2377 1799 2448 velis
1831 2399 1963 2470 per
1999 2379 2361 2447 exteriora

360 2474 912 2569 sinus'Sognici
960 2477 1136 2548 ferri
1186 2477 1485 2563 videre,
1504 2480 1644 2568 jam
1700 2480 2013 2569 speciem
2068 2496 2206 2545 sex
2239 2496 2358 2545 se-

359 2585 644 2671 ptemve
697 2581 977 2648 navium
1031 2577 1474 2663 reddentem,
1525 2580 1691 2668 jam,
1745 2598 1899 2645 cum
1953 2584 2362 2646 raresceret

361 2675 619 2748 classis
670 2699 755 2747 ac
809 2678 1131 2770 dispersa
1161 2677 1496 2762 serretur,
1550 2678 1953 2748 decem-aut
1981 2676 2361 2746 duodecim

360 2786 482 2848 aut
546 2776 901 2869 aliquanto
971 2777 1292 2872 plurium.
1415 2775 1934 2870 Speculatores
2019 2779 2206 2846 inter
2271 2796 2357 2846 se

361 2875 851 2964 disserebant,
905 2880 1220 2971 quaenam
1273 2880 1431 2947 istae
1485 2899 1707 2949 naves
1763 2885 2080 2963 essent,
2114 2876 2356 2946 dicen·

358 2976 543 3048 tibus
594 2976 776 3062 aliis,
836 2981 1116 3069 navigia
1169 2998 1339 3048 esse
1389 2981 1732 3063 vectoria,
1787 2976 2357 3069 Sognensesque

356 3099 400 3147 a
450 3077 747 3146 meridie
778 3075 1045 3167 Bergis
1091 3080 1462 3168 conjuncta
1494 3076 1730 3146 classe
1760 3080 2123 3167 navigare,
2175 3075 2358 3161 aliis,

357 3176 524 3247 vela
576 3175 711 3247 sibi
762 3175 1133 3267 longarum
1166 3178 1441 3245 navium
1474 3174 1812 3251 similiora
1840 3176 2123 3244 videri..
2156 3172 2356 3262 Quo-

355 3297 511 3346 rum
563 3274 926 3369 colloquio
993 3275 1233 3345 audito
1285 3296 1421 3344 rex
1469 3296 1511 3344 a
1564 3295 1810 3344 mensa
1862 3275 2214 3357 surrexit,
2286 3275 2357 3341 in

355 3385 618 3447 terram
672 3397 1022 3468 egressus
1074 3375 1163 3445 ad
1193 3373 1693 3468 speculatores
1729 3375 2081 3458 accessit,·
2108 3393 2359 3465 magna
2393 3455 2409 3469 l

356 3477 445 3545 ad
518 3497 676 3546 eum
746 3497 840 3545 ex
911 3475 1208 3547 navibus
1276 3473 1715 3546 multitudine
1778 3474 2151 3544 hominum
2187 3493 2355 3543 con·

356 3574 647 3659 fluente,
697 3578 817 3667 qui
866 3597 1062 3646 suam
1116 3596 1400 3669 quoque
1455 3576 1546 3645 de
1597 3575 1712 3647 his
1761 3572 2060 3645 navibus
2113 3577 2355 3665 conje-

357 3682 622 3743 cturam
676 3672 1047 3744 faciebant.
1146 3674 1353 3761 Rex,
1406 3697 1566 3746 cum
1617 3674 2045 3767 aliquamdiu
2095 3693 2355 3765 specu·

355 3772 709 3843 labundus
763 3775 1239 3846 constitisset:
1317 3796 1459 3844 non
1514 3784 1665 3861 est,
1718 3776 1973 3868 inquit,
2028 3773 2352 3842 dissimu-

357 3871 665 3959 landum,
717 3872 981 3943 adesse
1035 3870 1351 3959 hostem3
1404 3883 1571 3945 sunt
1622 3877 1801 3945 enim
1840 3872 1998 3942 haec
2026 3872 2354 3963 profecto

356 3975 635 4044 navium
688 3973 1055 4064 longarum
1105 3971 1289 4043 vela.
1374 3971 1544 4041 Rex
1594 3973 1964 4044 confestim
1996 3970 2353 4041 tibicinem

355 4077 791 4145 arcessitum·
861 4074 1244 4143 universos
1321 4071 1584 4142 milites
1663 4074 1753 4144 ad
1838 4070 2352 4164 egrediendum

357 4167 665 4244 classico
718 4192 981 4247 vocare
1025 4174 1274 4266 jussit,
1353 4194 1651 4265 cumque
1706 4175 1934 4244 omnis
1990 4171 2356 4241 exercitus
