<?xml version="1.0" encoding="UTF-8"?>
<!DOCTYPE html PUBLIC "-//W3C//DTD XHTML 1.0 Transitional//EN"
    "http://www.w3.org/TR/xhtml1/DTD/xhtml1-transitional.dtd">
<html xmlns="http://www.w3.org/1999/xhtml" xml:lang="en" lang="en">
 <head>
  <title>
</title>
<meta http-equiv="Content-Type" content="text/html;charset=utf-8" />
  <meta name='ocr-system' content='tesseract 3.04.00' />
  <meta name='ocr-capabilities' content='ocr_page ocr_carea ocr_par ocr_line ocrx_word'/>
</head>
<body>
  <div class='ocr_page' id='page_1' title='image "./scriptahistoric01unkngoog_0047.png"; bbox 0 0 2950 4709; ppageno 0'>
   <div class='ocr_carea' id='block_1_1' title="bbox 335 366 2346 476">
    <p class='ocr_par' dir='ltr' id='par_1_1' title="bbox 335 366 2346 476">
     <span class='ocr_line' id='line_1_1' title="bbox 335 366 2346 476; baseline -0.008 -23"><span class='ocrx_word' id='word_1_1' title='bbox 335 400 407 463; x_wconf 78' lang='grc' dir='ltr'><strong>ο,</strong></span> <span class='ocrx_word' id='word_1_2' title='bbox 441 395 649 462; x_wconf 64' lang='grc'><strong>1748,</strong></span> <span class='ocrx_word' id='word_1_3' title='bbox 774 397 1138 448; x_wconf 10' lang='lat' dir='ltr'><strong>mos-roam</strong></span> <span class='ocrx_word' id='word_1_4' title='bbox 1193 396 1416 476; x_wconf 13' lang='lat' dir='ltr'><strong>anchis</strong></span> <span class='ocrx_word' id='word_1_5' title='bbox 1466 371 1909 445; x_wconf 62' lang='lat' dir='ltr'><strong>-svl-:nnlsslmsa</strong></span> <span class='ocrx_word' id='word_1_6' title='bbox 2226 366 2346 454; x_wconf 72' lang='grc'><strong>33</strong></span> 
     </span>
    </p>
   </div>
   <div class='ocr_carea' id='block_1_2' title="bbox 242 578 2344 4288">
    <p class='ocr_par' dir='ltr' id='par_1_2' title="bbox 308 578 2344 1876">
     <span class='ocr_line' id='line_1_2' title="bbox 308 578 2344 671; baseline 0 -20"><span class='ocrx_word' id='word_1_7' title='bbox 308 580 703 652; x_wconf 82' lang='lat' dir='ltr'><strong>bebantur.</strong></span> <span class='ocrx_word' id='word_1_8' title='bbox 808 578 1090 671; x_wconf 80' lang='lat' dir='ltr'><strong>Quibus</strong></span> <span class='ocrx_word' id='word_1_9' title='bbox 1140 578 1362 651; x_wconf 89' lang='lat' dir='ltr'><strong>rebus</strong></span> <span class='ocrx_word' id='word_1_10' title='bbox 1412 588 1601 650; x_wconf 81' lang='lat' dir='ltr'><strong>tanta</strong></span> <span class='ocrx_word' id='word_1_11' title='bbox 1653 579 1744 651; x_wconf 88' lang='lat' dir='ltr'><strong>ad</strong></span> <span class='ocrx_word' id='word_1_12' title='bbox 1796 599 1956 654; x_wconf 87' lang='lat' dir='ltr'><strong>eum</strong></span> <span class='ocrx_word' id='word_1_13' title='bbox 2005 579 2344 660; x_wconf 72' lang='lat' dir='ltr'><strong>confluxit</strong></span> 
     </span>
     <span class='ocr_line' id='line_1_3' title="bbox 331 679 2339 773; baseline 0 -22"><span class='ocrx_word' id='word_1_14' title='bbox 331 680 693 754; x_wconf 90' lang='lat' dir='ltr'><strong>bominum</strong></span> <span class='ocrx_word' id='word_1_15' title='bbox 744 679 1141 767; x_wconf 85' lang='lat' dir='ltr'><strong>multitudo,</strong></span> <span class='ocrx_word' id='word_1_16' title='bbox 1192 679 1314 751; x_wconf 80' lang='lat' dir='ltr'><strong>utl</strong></span> <span class='ocrx_word' id='word_1_17' title='bbox 1369 688 1739 750; x_wconf 81' lang='lat' dir='ltr'><strong>trecentos</strong></span> <span class='ocrx_word' id='word_1_18' title='bbox 1789 683 2162 773; x_wconf 82' lang='lat' dir='ltr'><strong>sexaginta</strong></span> <span class='ocrx_word' id='word_1_19' title='bbox 2213 684 2339 751; x_wconf 91' lang='lat' dir='ltr'><strong>mi-</strong></span> 
     </span>
     <span class='ocr_line' id='line_1_4' title="bbox 333 777 2342 871; baseline -0 -20"><span class='ocrx_word' id='word_1_20' title='bbox 333 781 504 854; x_wconf 82' lang='lat' dir='ltr'><strong>lites</strong></span> <span class='ocrx_word' id='word_1_21' title='bbox 555 780 875 854; x_wconf 83' lang='lat' dir='ltr'><strong>baberet.</strong></span> <span class='ocrx_word' id='word_1_22' title='bbox 973 780 1159 852; x_wconf 84' lang='lat' dir='ltr'><strong>Post</strong></span> <span class='ocrx_word' id='word_1_23' title='bbox 1206 778 1365 854; x_wconf 86' lang='lat' dir='ltr'><strong>haee</strong></span> <span class='ocrx_word' id='word_1_24' title='bbox 1429 800 1563 850; x_wconf 88' lang='lat' dir='ltr'><strong>rex</strong></span> <span class='ocrx_word' id='word_1_25' title='bbox 1614 777 1927 871; x_wconf 82' lang='lat' dir='ltr'><strong>Magnus</strong></span> <span class='ocrx_word' id='word_1_26' title='bbox 1987 790 2062 852; x_wconf 91' lang='lat' dir='ltr'><strong>et</strong></span> <span class='ocrx_word' id='word_1_27' title='bbox 2107 780 2342 852; x_wconf 89' lang='lat' dir='ltr'><strong>Erlin-</strong></span> 
     </span>
     <span class='ocr_line' id='line_1_5' title="bbox 333 876 2340 973; baseline -0.003 -15"><span class='ocrx_word' id='word_1_28' title='bbox 333 903 474 973; x_wconf 67' lang='lat' dir='ltr'><strong>gns</strong></span> <span class='ocrx_word' id='word_1_29' title='bbox 540 876 841 972; x_wconf 81' lang='lat' dir='ltr'><strong>dynasta</strong></span> <span class='ocrx_word' id='word_1_30' title='bbox 906 883 978 951; x_wconf 90' lang='lat' dir='ltr'><strong>in</strong></span> <span class='ocrx_word' id='word_1_31' title='bbox 1027 880 1276 954; x_wconf 89' lang='lat' dir='ltr'><strong>Vikam</strong></span> <span class='ocrx_word' id='word_1_32' title='bbox 1329 879 1670 972; x_wconf 79' lang='lat' dir='ltr'><strong>profecti,</strong></span> <span class='ocrx_word' id='word_1_33' title='bbox 1738 901 1892 950; x_wconf 85' lang='lat' dir='ltr'><strong>cum</strong></span> <span class='ocrx_word' id='word_1_34' title='bbox 1946 880 2195 952; x_wconf 83' lang='lat' dir='ltr'><strong>famam</strong></span> <span class='ocrx_word' id='word_1_35' title='bbox 2248 881 2340 952; x_wconf 90' lang='lat' dir='ltr'><strong>de</strong></span> 
     </span>
     <span class='ocr_line' id='line_1_6' title="bbox 332 979 2339 1072; baseline 0 -21"><span class='ocrx_word' id='word_1_36' title='bbox 332 981 557 1054; x_wconf 84' lang='lat' dir='ltr'><strong>rebus</strong></span> <span class='ocrx_word' id='word_1_37' title='bbox 606 1002 651 1052; x_wconf 88' lang='lat' dir='ltr'><strong>a</strong></span> <span class='ocrx_word' id='word_1_38' title='bbox 699 979 1136 1052; x_wconf 86' lang='lat' dir='ltr'><strong>Birkibeinis</strong></span> <span class='ocrx_word' id='word_1_39' title='bbox 1186 981 1452 1072; x_wconf 85' lang='lat' dir='ltr'><strong>gestis,</strong></span> <span class='ocrx_word' id='word_1_40' title='bbox 1522 1000 1700 1072; x_wconf 91' lang='lat' dir='ltr'><strong>quas</strong></span> <span class='ocrx_word' id='word_1_41' title='bbox 1766 980 1979 1052; x_wconf 89' lang='lat' dir='ltr'><strong>modo</strong></span> <span class='ocrx_word' id='word_1_42' title='bbox 2034 1003 2339 1054; x_wconf 83' lang='lat' dir='ltr'><strong>comme-</strong></span> 
     </span>
     <span class='ocr_line' id='line_1_7' title="bbox 331 1078 2341 1173; baseline -0.001 -19"><span class='ocrx_word' id='word_1_43' title='bbox 331 1084 787 1166; x_wconf 78' lang='lat' dir='ltr'><strong>moravimuS,</strong></span> <span class='ocrx_word' id='word_1_44' title='bbox 838 1084 1317 1173; x_wconf 80' lang='lat' dir='ltr'>accepissent,</span> <span class='ocrx_word' id='word_1_45' title='bbox 1367 1089 1515 1151; x_wconf 88' lang='lat' dir='ltr'><strong>tota</strong></span> <span class='ocrx_word' id='word_1_46' title='bbox 1540 1078 1725 1152; x_wconf 91' lang='lat' dir='ltr'><strong>Vika</strong></span> <span class='ocrx_word' id='word_1_47' title='bbox 1756 1079 2043 1153; x_wconf 82' lang='lat' dir='ltr'><strong>delectu</strong></span> <span class='ocrx_word' id='word_1_48' title='bbox 2077 1081 2341 1165; x_wconf 88' lang='lat' dir='ltr'><strong>habito,</strong></span> 
     </span>
     <span class='ocr_line' id='line_1_8' title="bbox 330 1183 2341 1270; baseline -0.001 -16"><span class='ocrx_word' id='word_1_49' title='bbox 330 1191 597 1254; x_wconf 90' lang='lat' dir='ltr'><strong>tantum</strong></span> <span class='ocrx_word' id='word_1_50' title='bbox 650 1184 1044 1270; x_wconf 80' lang='lat' dir='ltr'><strong>exereitum</strong></span> <span class='ocrx_word' id='word_1_51' title='bbox 1096 1188 1637 1265; x_wconf 81' lang='lat' dir='ltr'><strong>contraxerunt,</strong></span> <span class='ocrx_word' id='word_1_52' title='bbox 1702 1190 1784 1252; x_wconf 88' lang='lat' dir='ltr'><strong>ut</strong></span> <span class='ocrx_word' id='word_1_53' title='bbox 1830 1183 2170 1256; x_wconf 84' lang='lat' dir='ltr'><strong>immensa</strong></span> <span class='ocrx_word' id='word_1_54' title='bbox 2224 1202 2341 1251; x_wconf 92' lang='lat' dir='ltr'><strong>es-</strong></span> 
     </span>
     <span class='ocr_line' id='line_1_9' title="bbox 331 1278 2340 1369; baseline -0 -16"><span class='ocrx_word' id='word_1_55' title='bbox 331 1291 452 1356; x_wconf 87' lang='lat' dir='ltr'><strong>set</strong></span> <span class='ocrx_word' id='word_1_56' title='bbox 500 1280 891 1354; x_wconf 87' lang='lat' dir='ltr'><strong>multitudo.</strong></span> <span class='ocrx_word' id='word_1_57' title='bbox 995 1280 1330 1354; x_wconf 83' lang='lat' dir='ltr'><strong>Ceterum</strong></span> <span class='ocrx_word' id='word_1_58' title='bbox 1383 1302 1517 1350; x_wconf 86' lang='lat' dir='ltr'><strong>rex</strong></span> <span class='ocrx_word' id='word_1_59' title='bbox 1568 1278 1919 1369; x_wconf 89' lang='lat' dir='ltr'><strong>Sverrer,</strong></span> <span class='ocrx_word' id='word_1_60' title='bbox 1973 1304 2132 1356; x_wconf 79' lang='lat' dir='ltr'><strong>eum</strong></span> <span class='ocrx_word' id='word_1_61' title='bbox 2184 1303 2340 1354; x_wconf 88' lang='lat' dir='ltr'><strong>suae</strong></span> 
     </span>
     <span class='ocr_line' id='line_1_10' title="bbox 330 1380 2340 1475; baseline 0.001 -23"><span class='ocrx_word' id='word_1_62' title='bbox 330 1381 728 1475; x_wconf 87' lang='lat' dir='ltr'><strong>prudentiae</strong></span> <span class='ocrx_word' id='word_1_63' title='bbox 780 1402 924 1451; x_wconf 89' lang='lat' dir='ltr'><strong>non</strong></span> <span class='ocrx_word' id='word_1_64' title='bbox 977 1401 1150 1452; x_wconf 90' lang='lat' dir='ltr'><strong>esse</strong></span> <span class='ocrx_word' id='word_1_65' title='bbox 1193 1380 1575 1473; x_wconf 87' lang='lat' dir='ltr'><strong>judiearet,</strong></span> <span class='ocrx_word' id='word_1_66' title='bbox 1627 1380 1789 1452; x_wconf 76' lang='lat' dir='ltr'><strong>boe&#39;</strong></span> <span class='ocrx_word' id='word_1_67' title='bbox 1818 1383 2161 1473; x_wconf 84' lang='lat' dir='ltr'>ingruens</span> <span class='ocrx_word' id='word_1_68' title='bbox 2212 1403 2340 1475; x_wconf 90' lang='lat' dir='ltr'><strong>pe-</strong></span> 
     </span>
     <span class='ocr_line' id='line_1_11' title="bbox 330 1480 2342 1574; baseline -0.002 -24"><span class='ocrx_word' id='word_1_69' title='bbox 330 1480 634 1554; x_wconf 86' lang='lat' dir='ltr'><strong>rieulum</strong></span> <span class='ocrx_word' id='word_1_70' title='bbox 703 1490 780 1551; x_wconf 85' lang='lat' dir='ltr'><strong>et</strong></span> <span class='ocrx_word' id='word_1_71' title='bbox 838 1484 1197 1574; x_wconf 78' lang='lat' dir='ltr'><strong>copiarum</strong></span> <span class='ocrx_word' id='word_1_72' title='bbox 1251 1481 1435 1551; x_wconf 87' lang='lat' dir='ltr'><strong>adeo</strong></span> <span class='ocrx_word' id='word_1_73' title='bbox 1488 1480 2019 1574; x_wconf 74' lang='lat' dir='ltr'><strong>praevalentium</strong></span> <span class='ocrx_word' id='word_1_74' title='bbox 2072 1484 2342 1555; x_wconf 53' lang='lat' dir='ltr'><strong>adven..⁴</strong></span> 
     </span>
     <span class='ocr_line' id='line_1_12' title="bbox 328 1579 2338 1673; baseline -0.001 -21"><span class='ocrx_word' id='word_1_75' title='bbox 328 1591 477 1656; x_wconf 86' lang='lat' dir='ltr'><strong>tum</strong></span> <span class='ocrx_word' id='word_1_76' title='bbox 533 1581 791 1653; x_wconf 87' lang='lat' dir='ltr'><strong>eodem</strong></span> <span class='ocrx_word' id='word_1_77' title='bbox 844 1579 1008 1651; x_wconf 86' lang='lat' dir='ltr'><strong>loeo</strong></span> <span class='ocrx_word' id='word_1_78' title='bbox 1061 1590 1454 1654; x_wconf 88' lang='lat' dir='ltr'><strong>manentem</strong></span> <span class='ocrx_word' id='word_1_79' title='bbox 1519 1594 1983 1673; x_wconf 81' lang='lat' dir='ltr'><strong>exspectare,</strong></span> <span class='ocrx_word' id='word_1_80' title='bbox 2051 1585 2162 1653; x_wconf 91' lang='lat' dir='ltr'><strong>rei</strong></span> <span class='ocrx_word' id='word_1_81' title='bbox 2214 1601 2338 1652; x_wconf 84' lang='lat' dir='ltr'><strong>ex-</strong></span> 
     </span>
     <span class='ocr_line' id='line_1_13' title="bbox 329 1680 1833 1775; baseline -0.002 -22"><span class='ocrx_word' id='word_1_82' title='bbox 329 1682 709 1775; x_wconf 84' lang='lat' dir='ltr'><strong>pediendae</strong></span> <span class='ocrx_word' id='word_1_83' title='bbox 763 1684 1106 1754; x_wconf 88' lang='lat' dir='ltr'><strong>rationem</strong></span> <span class='ocrx_word' id='word_1_84' title='bbox 1160 1683 1387 1751; x_wconf 88' lang='lat' dir='ltr'><strong>animo</strong></span> <span class='ocrx_word' id='word_1_85' title='bbox 1441 1680 1833 1773; x_wconf 79' lang='lat' dir='ltr'><strong>perpendit.</strong></span> 
     </span>
     <span class='ocr_line' id='line_1_14' title="bbox 611 1777 2070 1876; baseline -0.002 -23"><span class='ocrx_word' id='word_1_86' title='bbox 611 1780 737 1853; x_wconf 81' lang='lat' dir='ltr'><strong>De</strong></span> <span class='ocrx_word' id='word_1_87' title='bbox 785 1804 963 1876; x_wconf 73' lang='lat' dir='ltr'><strong>reqe</strong></span> <span class='ocrx_word' id='word_1_88' title='bbox 1017 1779 1378 1852; x_wconf 78' lang='lat' dir='ltr'><strong>Sverrere</strong></span> <span class='ocrx_word' id='word_1_89' title='bbox 1426 1790 1499 1850; x_wconf 77' lang='lat' dir='ltr'><strong>et</strong></span> <span class='ocrx_word' id='word_1_90' title='bbox 1551 1777 2070 1876; x_wconf 69' lang='lat' dir='ltr'><strong>Soynensibets.</strong></span> 
     </span>
    </p>

    <p class='ocr_par' dir='ltr' id='par_1_3' title="bbox 242 1879 2340 4074">
     <span class='ocr_line' id='line_1_15' title="bbox 536 1879 2337 1975; baseline 0 -23"><span class='ocrx_word' id='word_1_91' title='bbox 536 1880 653 1954; x_wconf 82' lang='lat'><strong>18.</strong></span> <span class='ocrx_word' id='word_1_92' title='bbox 723 1879 948 1973; x_wconf 85' lang='lat' dir='ltr'><strong>Igitur</strong></span> <span class='ocrx_word' id='word_1_93' title='bbox 998 1903 1131 1951; x_wconf 87' lang='lat' dir='ltr'><strong>rex</strong></span> <span class='ocrx_word' id='word_1_94' title='bbox 1182 1879 1496 1951; x_wconf 89' lang='lat' dir='ltr'><strong>Sverrer</strong></span> <span class='ocrx_word' id='word_1_95' title='bbox 1545 1882 1683 1953; x_wconf 88' lang='lat' dir='ltr'><strong>iter</strong></span> <span class='ocrx_word' id='word_1_96' title='bbox 1734 1884 1805 1951; x_wconf 90' lang='lat' dir='ltr'><strong>in</strong></span> <span class='ocrx_word' id='word_1_97' title='bbox 1835 1880 2160 1973; x_wconf 84' lang='lat' dir='ltr'><strong>Sognum</strong></span> <span class='ocrx_word' id='word_1_98' title='bbox 2217 1902 2337 1975; x_wconf 91' lang='lat' dir='ltr'><strong>pa-</strong></span> 
     </span>
     <span class='ocr_line' id='line_1_16' title="bbox 328 1978 2336 2075; baseline 0 -24"><span class='ocrx_word' id='word_1_99' title='bbox 328 1991 474 2067; x_wconf 83' lang='lat' dir='ltr'><strong>rat,</strong></span> <span class='ocrx_word' id='word_1_100' title='bbox 524 1978 809 2072; x_wconf 87' lang='lat' dir='ltr'><strong>Bergas</strong></span> <span class='ocrx_word' id='word_1_101' title='bbox 864 1980 1333 2074; x_wconf 76' lang='lat' dir='ltr'><strong>profecturus,</strong></span> <span class='ocrx_word' id='word_1_102' title='bbox 1437 1979 1592 2051; x_wconf 86' lang='lat' dir='ltr'><strong>Sed</strong></span> <span class='ocrx_word' id='word_1_103' title='bbox 1643 1980 1795 2051; x_wconf 87' lang='lat' dir='ltr'><strong>fieri</strong></span> <span class='ocrx_word' id='word_1_104' title='bbox 1848 1991 2147 2075; x_wconf 48' lang='lat' dir='ltr'><strong>potest„</strong></span> <span class='ocrx_word' id='word_1_105' title='bbox 2175 2004 2336 2054; x_wconf 87' lang='lat' dir='ltr'><strong>eum</strong></span> 
     </span>
     <span class='ocr_line' id='line_1_17' title="bbox 328 2080 2340 2175; baseline 0.001 -26"><span class='ocrx_word' id='word_1_106' title='bbox 328 2080 539 2154; x_wconf 86' lang='lat' dir='ltr'><strong>Deus</strong></span> <span class='ocrx_word' id='word_1_107' title='bbox 607 2083 1057 2175; x_wconf 89' lang='lat' dir='ltr'><strong>omnipotens</strong></span> <span class='ocrx_word' id='word_1_108' title='bbox 1141 2090 1526 2175; x_wconf 79' lang='lat' dir='ltr'><strong>sanctaque</strong></span> <span class='ocrx_word' id='word_1_109' title='bbox 1604 2086 1810 2173; x_wconf 87' lang='lat' dir='ltr'><strong>virgo</strong></span> <span class='ocrx_word' id='word_1_110' title='bbox 1879 2080 2111 2154; x_wconf 85' lang='lat' dir='ltr'><strong>Maria</strong></span> <span class='ocrx_word' id='word_1_111' title='bbox 2178 2085 2340 2173; x_wconf 88' lang='lat' dir='ltr'><strong>regi</strong></span> 
     </span>
     <span class='ocr_line' id='line_1_18' title="bbox 329 2177 2339 2273; baseline 0.003 -23"><span class='ocrx_word' id='word_1_112' title='bbox 329 2177 669 2253; x_wconf 87' lang='lat' dir='ltr'><strong>Sverreri</strong></span> <span class='ocrx_word' id='word_1_113' title='bbox 720 2179 976 2252; x_wconf 89' lang='lat' dir='ltr'><strong>multas</strong></span> <span class='ocrx_word' id='word_1_114' title='bbox 1026 2179 1407 2273; x_wconf 76' lang='lat' dir='ltr'><strong>praeclaras</strong></span> <span class='ocrx_word' id='word_1_115' title='bbox 1458 2186 1794 2253; x_wconf 83' lang='lat' dir='ltr'><strong>victorias</strong></span> <span class='ocrx_word' id='word_1_116' title='bbox 1849 2183 2201 2267; x_wconf 87' lang='lat' dir='ltr'><strong>dederint,</strong></span> <span class='ocrx_word' id='word_1_117' title='bbox 2261 2193 2339 2258; x_wconf 79' lang='lat' dir='ltr'><strong>ut</strong></span> 
     </span>
     <span class='ocr_line' id='line_1_19' title="bbox 327 2280 2338 2376; baseline -0.002 -22"><span class='ocrx_word' id='word_1_118' title='bbox 327 2280 679 2354; x_wconf 89' lang='lat' dir='ltr'><strong>homines·</strong></span> <span class='ocrx_word' id='word_1_119' title='bbox 707 2282 921 2352; x_wconf 88' lang='lat' dir='ltr'><strong>invidi</strong></span> <span class='ocrx_word' id='word_1_120' title='bbox 975 2302 1353 2375; x_wconf 84' lang='lat' dir='ltr'><strong>rerumque</strong></span> <span class='ocrx_word' id='word_1_121' title='bbox 1421 2285 1720 2376; x_wconf 86' lang='lat' dir='ltr'><strong>imperiti</strong></span> <span class='ocrx_word' id='word_1_122' title='bbox 1778 2285 2158 2353; x_wconf 77' lang='lat' dir='ltr'><strong>narrationi</strong></span> <span class='ocrx_word' id='word_1_123' title='bbox 2207 2304 2338 2351; x_wconf 82' lang='lat' dir='ltr'><strong>no-</strong></span> 
     </span>
     <span class='ocr_line' id='line_1_20' title="bbox 325 2380 2340 2475; baseline 0 -25"><span class='ocrx_word' id='word_1_124' title='bbox 325 2390 498 2451; x_wconf 85' lang='lat' dir='ltr'><strong>strae</strong></span> <span class='ocrx_word' id='word_1_125' title='bbox 549 2380 760 2451; x_wconf 86' lang='lat' dir='ltr'><strong>fidem</strong></span> <span class='ocrx_word' id='word_1_126' title='bbox 811 2381 1081 2454; x_wconf 86' lang='lat' dir='ltr'><strong>babere</strong></span> <span class='ocrx_word' id='word_1_127' title='bbox 1133 2381 1389 2468; x_wconf 87' lang='lat' dir='ltr'><strong>nolint,</strong></span> <span class='ocrx_word' id='word_1_128' title='bbox 1439 2401 1600 2467; x_wconf 86' lang='lat' dir='ltr'><strong>nos,</strong></span> <span class='ocrx_word' id='word_1_129' title='bbox 1653 2386 1775 2475; x_wconf 89' lang='lat' dir='ltr'><strong>qui</strong></span> <span class='ocrx_word' id='word_1_130' title='bbox 1828 2403 2006 2453; x_wconf 88' lang='lat' dir='ltr'><strong>eum</strong></span> <span class='ocrx_word' id='word_1_131' title='bbox 2040 2383 2340 2453; x_wconf 80' lang='lat' dir='ltr'><strong>victoria</strong></span> 
     </span>
     <span class='ocr_line' id='line_1_21' title="bbox 325 2481 2337 2575; baseline -0.001 -21"><span class='ocrx_word' id='word_1_132' title='bbox 325 2501 619 2573; x_wconf 80' lang='lat' dir='ltr'><strong>semper</strong></span> <span class='ocrx_word' id='word_1_133' title='bbox 684 2485 975 2574; x_wconf 89' lang='lat' dir='ltr'><strong>potitum</strong></span> <span class='ocrx_word' id='word_1_134' title='bbox 1046 2481 1710 2575; x_wconf 77' lang='lat' dir='ltr'><strong>praedicaverimuS‚</strong></span> <span class='ocrx_word' id='word_1_135' title='bbox 1779 2503 1904 2553; x_wconf 91' lang='lat' dir='ltr'><strong>res</strong></span> <span class='ocrx_word' id='word_1_136' title='bbox 1967 2501 2109 2551; x_wconf 88' lang='lat' dir='ltr'><strong>non</strong></span> <span class='ocrx_word' id='word_1_137' title='bbox 2159 2484 2337 2552; x_wconf 84' lang='lat' dir='ltr'><strong>satis</strong></span> 
     </span>
     <span class='ocr_line' id='line_1_22' title="bbox 326 2579 2335 2675; baseline -0.001 -24"><span class='ocrx_word' id='word_1_138' title='bbox 326 2585 653 2670; x_wconf 79' lang='lat' dir='ltr'><strong>cognitas</strong></span> <span class='ocrx_word' id='word_1_139' title='bbox 723 2580 992 2653; x_wconf 88' lang='lat' dir='ltr'><strong>habere</strong></span> <span class='ocrx_word' id='word_1_140' title='bbox 1061 2581 1504 2654; x_wconf 84' lang='lat' dir='ltr'><strong>arbitrantes.</strong></span> <span class='ocrx_word' id='word_1_141' title='bbox 1609 2579 1852 2675; x_wconf 88' lang='lat' dir='ltr'><strong>ltaque</strong></span> <span class='ocrx_word' id='word_1_142' title='bbox 1916 2580 2170 2652; x_wconf 89' lang='lat' dir='ltr'><strong>horum</strong></span> <span class='ocrx_word' id='word_1_143' title='bbox 2233 2583 2335 2650; x_wconf 84' lang='lat' dir='ltr'><strong>in-</strong></span> 
     </span>
     <span class='ocr_line' id='line_1_23' title="bbox 325 2679 2333 2775; baseline 0.002 -26"><span class='ocrx_word' id='word_1_144' title='bbox 325 2679 729 2753; x_wconf 85' lang='lat' dir='ltr'><strong>credulitati</strong></span> <span class='ocrx_word' id='word_1_145' title='bbox 781 2702 1279 2769; x_wconf 82' lang='lat' dir='ltr'><strong>occurremus,</strong></span> <span class='ocrx_word' id='word_1_146' title='bbox 1346 2692 1805 2775; x_wconf 84' lang='lat' dir='ltr'><strong>nostramque</strong></span> <span class='ocrx_word' id='word_1_147' title='bbox 1857 2683 1929 2752; x_wconf 86' lang='lat' dir='ltr'><strong>in</strong></span> <span class='ocrx_word' id='word_1_148' title='bbox 1984 2681 2333 2753; x_wconf 87' lang='lat' dir='ltr'><strong>narrando</strong></span> 
     </span>
     <span class='ocr_line' id='line_1_24' title="bbox 242 2779 2337 2876; baseline 0.002 -27"><span class='ocrx_word' id='word_1_149' title='bbox 242 2857 247 2861; x_wconf 73' lang='lat'>.</span> <span class='ocrx_word' id='word_1_150' title='bbox 326 2779 724 2852; x_wconf 80' lang='lat' dir='ltr'><strong>libertatem</strong></span> <span class='ocrx_word' id='word_1_151' title='bbox 792 2781 1284 2876; x_wconf 81' lang='lat' dir='ltr'><strong>probabimuS,</strong></span> <span class='ocrx_word' id='word_1_152' title='bbox 1354 2803 1511 2853; x_wconf 83' lang='lat' dir='ltr'><strong>eum</strong></span> <span class='ocrx_word' id='word_1_153' title='bbox 1565 2793 1798 2873; x_wconf 84' lang='lat' dir='ltr'><strong>grata,</strong></span> <span class='ocrx_word' id='word_1_154' title='bbox 1871 2792 2013 2856; x_wconf 88' lang='lat' dir='ltr'><strong>tum</strong></span> <span class='ocrx_word' id='word_1_155' title='bbox 2065 2784 2337 2874; x_wconf 87' lang='lat' dir='ltr'><strong>ingrata</strong></span> 
     </span>
     <span class='ocr_line' id='line_1_25' title="bbox 324 2879 2336 2977; baseline 0.002 -28"><span class='ocrx_word' id='word_1_156' title='bbox 324 2880 737 2970; x_wconf 84' lang='lat' dir='ltr'><strong>referendo.</strong></span> <span class='ocrx_word' id='word_1_157' title='bbox 870 2882 1051 2952; x_wconf 88' lang='lat' dir='ltr'><strong>Nam</strong></span> <span class='ocrx_word' id='word_1_158' title='bbox 1141 2879 1244 2953; x_wconf 91' lang='lat' dir='ltr'><strong>illi</strong></span> <span class='ocrx_word' id='word_1_159' title='bbox 1313 2885 1611 2977; x_wconf 89' lang='lat' dir='ltr'><strong>suisque</strong></span> <span class='ocrx_word' id='word_1_160' title='bbox 1693 2883 1911 2955; x_wconf 87' lang='lat' dir='ltr'><strong>multa</strong></span> <span class='ocrx_word' id='word_1_161' title='bbox 1976 2882 2336 2956; x_wconf 86' lang='lat' dir='ltr'><strong>laboriosa</strong></span> 
     </span>
     <span class='ocr_line' id='line_1_26' title="bbox 323 2981 2334 3077; baseline 0 -26"><span class='ocrx_word' id='word_1_162' title='bbox 323 2984 579 3052; x_wconf 84' lang='lat' dir='ltr'><strong>semita</strong></span> <span class='ocrx_word' id='word_1_163' title='bbox 630 2981 965 3054; x_wconf 77' lang='lat' dir='ltr'><strong>calcanda</strong></span> <span class='ocrx_word' id='word_1_164' title='bbox 1015 2981 1166 3069; x_wconf 83' lang='lat' dir='ltr'><strong>fuit,</strong></span> <span class='ocrx_word' id='word_1_165' title='bbox 1220 2986 1622 3077; x_wconf 85' lang='lat' dir='ltr'><strong>priusquam</strong></span> <span class='ocrx_word' id='word_1_166' title='bbox 1679 2992 1786 3054; x_wconf 89' lang='lat' dir='ltr'><strong>tot</strong></span> <span class='ocrx_word' id='word_1_167' title='bbox 1835 2994 2201 3077; x_wconf 85' lang='lat' dir='ltr'><strong>tantasque</strong></span> <span class='ocrx_word' id='word_1_168' title='bbox 2231 2986 2334 3052; x_wconf 85' lang='lat' dir='ltr'><strong>in·</strong></span> 
     </span>
     <span class='ocr_line' id='line_1_27' title="bbox 313 3082 2333 3177; baseline 0 -26"><span class='ocrx_word' id='word_1_169' title='bbox 313 3083 544 3173; x_wconf 78' lang='lat' dir='ltr'><strong>jurias</strong></span> <span class='ocrx_word' id='word_1_170' title='bbox 562 3134 584 3168; x_wconf 90' lang='lat'><strong><em>,</em></strong></span> <span class='ocrx_word' id='word_1_171' title='bbox 653 3083 913 3176; x_wconf 86' lang='lat' dir='ltr'><strong>quibus</strong></span> <span class='ocrx_word' id='word_1_172' title='bbox 965 3097 1258 3177; x_wconf 82' lang='lat' dir='ltr'><strong>apatre</strong></span> <span class='ocrx_word' id='word_1_173' title='bbox 1313 3094 1388 3155; x_wconf 84' lang='lat' dir='ltr'><strong>et</strong></span> <span class='ocrx_word' id='word_1_174' title='bbox 1434 3083 1582 3154; x_wconf 88' lang='lat' dir='ltr'><strong>filio</strong></span> <span class='ocrx_word' id='word_1_175' title='bbox 1635 3084 1933 3156; x_wconf 85' lang='lat' dir='ltr'><strong>affectus</strong></span> <span class='ocrx_word' id='word_1_176' title='bbox 1987 3093 2173 3167; x_wconf 85' lang='lat' dir='ltr'><strong>erat,</strong></span> <span class='ocrx_word' id='word_1_177' title='bbox 2227 3082 2333 3152; x_wconf 85' lang='lat' dir='ltr'><strong>ul-</strong></span> 
     </span>
     <span class='ocr_line' id='line_1_28' title="bbox 324 3180 2334 3277; baseline 0 -27"><span class='ocrx_word' id='word_1_178' title='bbox 324 3184 525 3267; x_wconf 84' lang='lat' dir='ltr'><strong>cisci,</strong></span> <span class='ocrx_word' id='word_1_179' title='bbox 572 3204 1015 3277; x_wconf 86' lang='lat' dir='ltr'><strong>regnumque</strong></span> <span class='ocrx_word' id='word_1_180' title='bbox 1071 3193 1431 3276; x_wconf 82' lang='lat' dir='ltr'><strong>paternum</strong></span> <span class='ocrx_word' id='word_1_181' title='bbox 1486 3203 1527 3252; x_wconf 90' lang='lat' dir='ltr'><strong>a</strong></span> <span class='ocrx_word' id='word_1_182' title='bbox 1578 3193 1715 3254; x_wconf 83' lang='lat' dir='ltr'><strong>tam</strong></span> <span class='ocrx_word' id='word_1_183' title='bbox 1769 3180 2176 3274; x_wconf 83' lang='lat' dir='ltr'><strong>potentibus</strong></span> <span class='ocrx_word' id='word_1_184' title='bbox 2213 3184 2334 3260; x_wconf 68' lang='lat' dir='ltr'><strong>‚vi-</strong></span> 
     </span>
     <span class='ocr_line' id='line_1_29' title="bbox 321 3281 2333 3374; baseline 0 -24"><span class='ocrx_word' id='word_1_185' title='bbox 321 3284 426 3352; x_wconf 86' lang='lat' dir='ltr'><strong>ris</strong></span> <span class='ocrx_word' id='word_1_186' title='bbox 493 3283 924 3354; x_wconf 80' lang='lat' dir='ltr'><strong>adversariae</strong></span> <span class='ocrx_word' id='word_1_187' title='bbox 988 3283 1352 3369; x_wconf 79' lang='lat' dir='ltr'><strong>factioniS‚</strong></span> <span class='ocrx_word' id='word_1_188' title='bbox 1436 3281 1727 3354; x_wconf 79' lang='lat' dir='ltr'><strong>tantillis</strong></span> <span class='ocrx_word' id='word_1_189' title='bbox 1796 3284 2021 3374; x_wconf 82' lang='lat' dir='ltr'><strong>copiis</strong></span> <span class='ocrx_word' id='word_1_190' title='bbox 2092 3288 2333 3352; x_wconf 81' lang='lat' dir='ltr'><strong>extor-</strong></span> 
     </span>
     <span class='ocr_line' id='line_1_30' title="bbox 322 3377 2332 3475; baseline -0.001 -21"><span class='ocrx_word' id='word_1_191' title='bbox 322 3402 552 3473; x_wconf 80' lang='lat' dir='ltr'><strong>quere</strong></span> <span class='ocrx_word' id='word_1_192' title='bbox 620 3392 895 3475; x_wconf 86' lang='lat' dir='ltr'><strong>posset.</strong></span> <span class='ocrx_word' id='word_1_193' title='bbox 999 3382 1142 3474; x_wconf 78' lang='lat' dir='ltr'><strong>Qui</strong></span> <span class='ocrx_word' id='word_1_194' title='bbox 1196 3377 1331 3454; x_wconf 81' lang='lat' dir='ltr'><strong>etsi</strong></span> <span class='ocrx_word' id='word_1_195' title='bbox 1383 3385 1787 3475; x_wconf 79' lang='lat' dir='ltr'><strong>saepissime</strong></span> <span class='ocrx_word' id='word_1_196' title='bbox 1840 3381 2078 3453; x_wconf 85' lang='lat' dir='ltr'><strong>multis</strong></span> <span class='ocrx_word' id='word_1_197' title='bbox 2125 3379 2332 3452; x_wconf 91' lang='lat' dir='ltr'><strong>labo-</strong></span> 
     </span>
     <span class='ocr_line' id='line_1_31' title="bbox 322 3481 2336 3567; baseline 0.001 -18"><span class='ocrx_word' id='word_1_198' title='bbox 322 3481 1059 3556; x_wconf 67' lang='lat' dir='ltr'><strong>rumuiffioultatihus</strong></span> <span class='ocrx_word' id='word_1_199' title='bbox 1112 3492 1186 3553; x_wconf 91' lang='lat' dir='ltr'><strong>et</strong></span> <span class='ocrx_word' id='word_1_200' title='bbox 1235 3486 1576 3558; x_wconf 84' lang='lat' dir='ltr'><strong>aerumnis</strong></span> <span class='ocrx_word' id='word_1_201' title='bbox 1627 3481 2068 3556; x_wconf 84' lang='lat' dir='ltr'><strong>conflictatus</strong></span> <span class='ocrx_word' id='word_1_202' title='bbox 2110 3490 2336 3567; x_wconf 83' lang='lat' dir='ltr'><strong>esset,</strong></span> 
     </span>
     <span class='ocr_line' id='line_1_32' title="bbox 320 3582 2340 3676; baseline 0.001 -24"><span class='ocrx_word' id='word_1_203' title='bbox 320 3591 555 3654; x_wconf 82' lang='lat' dir='ltr'><strong>tamen</strong></span> <span class='ocrx_word' id='word_1_204' title='bbox 611 3604 960 3676; x_wconf 85' lang='lat' dir='ltr'><strong>nunquam</strong></span> <span class='ocrx_word' id='word_1_205' title='bbox 993 3582 1435 3668; x_wconf 82' lang='lat' dir='ltr'><strong>lassitudine,</strong></span> <span class='ocrx_word' id='word_1_206' title='bbox 1488 3583 1912 3654; x_wconf 85' lang='lat' dir='ltr'><strong>turbulentis</strong></span> <span class='ocrx_word' id='word_1_207' title='bbox 1950 3591 2340 3675; x_wconf 77' lang='lat' dir='ltr'><strong>tempesta-</strong></span> 
     </span>
     <span class='ocr_line' id='line_1_33' title="bbox 320 3679 2336 3776; baseline 0.002 -28"><span class='ocrx_word' id='word_1_208' title='bbox 320 3679 553 3765; x_wconf 82' lang='lat' dir='ltr'><strong>tibuS,</strong></span> <span class='ocrx_word' id='word_1_209' title='bbox 620 3680 924 3773; x_wconf 84' lang='lat' dir='ltr'><strong>vigiliis,</strong></span> <span class='ocrx_word' id='word_1_210' title='bbox 992 3682 1175 3754; x_wconf 87' lang='lat' dir='ltr'><strong>fame</strong></span> <span class='ocrx_word' id='word_1_211' title='bbox 1244 3692 1380 3753; x_wconf 85' lang='lat' dir='ltr'><strong>tam</strong></span> <span class='ocrx_word' id='word_1_212' title='bbox 1431 3685 1728 3754; x_wconf 79' lang='lat' dir='ltr'><strong>aflectus</strong></span> <span class='ocrx_word' id='word_1_213' title='bbox 1780 3692 1931 3768; x_wconf 85' lang='lat' dir='ltr'><strong>est,</strong></span> <span class='ocrx_word' id='word_1_214' title='bbox 2003 3704 2207 3776; x_wconf 80' lang='lat' dir='ltr'><strong>quam</strong></span> <span class='ocrx_word' id='word_1_215' title='bbox 2261 3684 2336 3752; x_wconf 85' lang='lat' dir='ltr'><strong>in</strong></span> 
     </span>
     <span class='ocr_line' id='line_1_34' title="bbox 318 3778 2331 3875; baseline 0.002 -26"><span class='ocrx_word' id='word_1_216' title='bbox 318 3778 463 3850; x_wconf 85' lang='lat' dir='ltr'><strong>boe</strong></span> <span class='ocrx_word' id='word_1_217' title='bbox 514 3783 791 3858; x_wconf 86' lang='lat' dir='ltr'><strong>itinere.</strong></span> <span class='ocrx_word' id='word_1_218' title='bbox 892 3781 1040 3854; x_wconf 90' lang='lat' dir='ltr'><strong>Iter</strong></span> <span class='ocrx_word' id='word_1_219' title='bbox 1092 3785 1306 3875; x_wconf 87' lang='lat' dir='ltr'><strong>igitur</strong></span> <span class='ocrx_word' id='word_1_220' title='bbox 1357 3784 1779 3875; x_wconf 77' lang='lat' dir='ltr'><strong>ingreditur,</strong></span> <span class='ocrx_word' id='word_1_221' title='bbox 1830 3780 2114 3872; x_wconf 88' lang='lat' dir='ltr'><strong>Bergas</strong></span> <span class='ocrx_word' id='word_1_222' title='bbox 2165 3803 2331 3874; x_wconf 87' lang='lat' dir='ltr'><strong>pro-</strong></span> 
     </span>
     <span class='ocr_line' id='line_1_35' title="bbox 319 3869 2331 3975; baseline -0 -23"><span class='ocrx_word' id='word_1_223' title='bbox 319 3869 686 3954; x_wconf 81' lang='lat' dir='ltr'><strong>feeturus.</strong></span> <span class='ocrx_word' id='word_1_224' title='bbox 794 3880 973 3958; x_wconf 82' lang='lat' dir='ltr'><strong>eum</strong></span> <span class='ocrx_word' id='word_1_225' title='bbox 1040 3903 1219 3956; x_wconf 86' lang='lat' dir='ltr'><strong>vero</strong></span> <span class='ocrx_word' id='word_1_226' title='bbox 1302 3886 1374 3953; x_wconf 87' lang='lat' dir='ltr'><strong>in</strong></span> <span class='ocrx_word' id='word_1_227' title='bbox 1445 3882 1766 3975; x_wconf 81' lang='lat' dir='ltr'><strong>Sognum</strong></span> <span class='ocrx_word' id='word_1_228' title='bbox 1853 3884 2331 3975; x_wconf 83' lang='lat' dir='ltr'><strong>pervenisset,</strong></span> 
     </span>
     <span class='ocr_line' id='line_1_36' title="bbox 319 3973 2332 4074; baseline -0.001 -22"><span class='ocrx_word' id='word_1_229' title='bbox 319 3979 629 4060; x_wconf 71' lang='lat' dir='ltr'><strong>hostium</strong></span> <span class='ocrx_word' id='word_1_230' title='bbox 702 3981 1277 4074; x_wconf 82' lang='lat' dir='ltr'><strong>exploratoribus</strong></span> <span class='ocrx_word' id='word_1_231' title='bbox 1343 3973 1722 4056; x_wconf 82' lang='lat' dir='ltr'><strong>adventum</strong></span> <span class='ocrx_word' id='word_1_232' title='bbox 1794 3985 1952 4074; x_wconf 76' lang='lat' dir='ltr'><strong>ejus</strong></span> <span class='ocrx_word' id='word_1_233' title='bbox 2019 4002 2332 4074; x_wconf 80' lang='lat' dir='ltr'><strong>praeem-</strong></span> 
     </span>
    </p>

    <p class='ocr_par' dir='ltr' id='par_1_4' title="bbox 392 4111 1911 4288">
     <span class='ocr_line' id='line_1_37' title="bbox 392 4111 996 4185; baseline 0.007 -20"><span class='ocrx_word' id='word_1_234' title='bbox 392 4111 507 4177; x_wconf 78' lang='lat' dir='ltr'><strong>²)a</strong></span> <span class='ocrx_word' id='word_1_235' title='bbox 475 4113 635 4185; x_wconf 75' lang='lat' dir='ltr'><strong>aimpl</strong></span> <span class='ocrx_word' id='word_1_236' title='bbox 617 4134 716 4181; x_wconf 73' lang='grc' dir='ltr'><strong>ιω,</strong></span> <span class='ocrx_word' id='word_1_237' title='bbox 754 4114 883 4168; x_wconf 69' lang='lat' dir='ltr'><strong>add.</strong></span> <span class='ocrx_word' id='word_1_238' title='bbox 926 4117 996 4172; x_wconf 89' lang='grc'><strong>0.</strong></span> 
     </span>
     <span class='ocr_line' id='line_1_38' title="bbox 396 4182 1911 4288; baseline -0.001 -22"><span class='ocrx_word' id='word_1_239' title='bbox 396 4212 511 4266; x_wconf 77' lang='lat' dir='ltr'><strong>Vol.</strong></span> <span class='ocrx_word' id='word_1_240' title='bbox 551 4210 605 4265; x_wconf 82' lang='grc'><strong>8.</strong></span> <span class='ocrx_word' id='word_1_241' title='bbox 1578 4277 1587 4288; x_wconf 85' lang='lat'><strong>.</strong></span> <span class='ocrx_word' id='word_1_242' title='bbox 1853 4182 1911 4251; x_wconf 72' lang='lat' dir='ltr'>c</span> 
     </span>
    </p>
   </div>
  </div>
 </body>
</html>
