2950 4709
571 304 753 395 'm
993 324 1371 380 ,maronia
1417 323 1651 376 ,nl-:ms
1707 321 2143 376 svenne-tus.
2345 315 2418 378 c,
2454 314 2603 383 163,

1211 504 1573 588 Prcelium
1622 510 1703 580 in
1750 523 1955 604 rupe}

771 610 951 686 163.
1049 609 1222 686 Rex
1257 607 1572 686 Sverrer
1620 609 1805 701 apud
1861 606 2257 682 exercitum
2304 613 2596 684 concio-

577 721 785 788 natus
835 710 1026 787 hunc
1071 714 1142 784 in
1189 709 1474 787 modum
1529 708 1750 784 verba
1793 709 1995 780 fecit:
2053 729 2210 780 mea
2242 714 2601 785 sententia
2688 747 2695 752 -

579 822 719 899 est,
755 821 873 899 .ut,
925 823 1296 907 antequam
1347 808 1722 886 multitudo
1778 808 2195 884 colonorum
2247 809 2334 882 ab
2375 799 2597 882 omni-

573 914 716 987 bns
767 912 1087 1007 partibus
1135 914 1468 1009 impetum
1533 913 1604 984 in
1664 931 1801 984 nos
1851 909 2099 995 faciat,
2179 913 2601 997 exercitum,

578 1015 720 1110 qui„
753 1011 892 1086 hoe
942 1011 1110 1086 loco
1163 1030 1381 1106 supra
1445 1031 1583 1084 nos
1635 1013 1705 1084 in
1757 1008 2274 1102 Ryginabergo
2329 1015 2596 1082 eonsti-

575 1110 720 1199 titl,
783 1114 1223 1198 adoriamur3
1299 1133 1343 1181 a
1394 1109 1959 1203 septemtrionali
2024 1118 2226 1201 parte
2291 1110 2598 1182 eoenobii

574 1211 979 1286 monialium
1033 1210 1531 1296 ascendamus,
1584 1230 1820 1303 neque
1863 1212 2230 1304 quisquam
2264 1211 2597 1303 oppidum

348 1330 354 1338 ·
483 1350 488 1355 ·
574 1315 809 1384 intret.
907 1310 1254 1385 Addens:
1304 1307 1534 1386 Paule
1582 1307 1814 1395 Beltl,
1865 1319 2252 1404 vestraque
2307 1309 2600 1400 cohors,

575 1410 920 1509 Uplandi,
970 1408 1399 1505 xylosoleas
1452 1419 1527 1482 et
1575 1419 1981 1504 apparatum
2024 1413 2420 1484 cursorium
2472 1403 2596 1481 suss

574 1515 769 1600 mite,
819 1515 1052 1606 iisque
1104 1514 1530 1586 conscensis
1580 1531 1830 1609 rupem
1882 1532 1924 1584 a
1976 1520 2176 1603 parte
2216 1514 2600 1604 superiore

570 1613 1020 1709 adscendite,
1071 1622 1146 1683 et
1197 1620 1526 1706 quantum
1579 1609 1889 1683 habeant
1936 1631 2304 1701 numerum
2357 1614 2597 1704 copia-

570 1734 772 1800 rum,
838 1715 1283 1805 cognoscite.
1413 1708 1541 1783 Sic
1607 1709 1969 1796 fecerunt,
2044 1731 2445 1803 rupemque
2484 1711 2597 1810 ⁸ab

575 1812 906 1885 orientali
987 1811 1216 1885 latere
1283 1819 1594 1905 ,propter
1672 1810 1975 1885 colonos
2044 1810 2597 1886 adscenderunt.

573 1911 900 1994 Altitudo
954 1911 1271 2005 delapsae
1317 1913 1502 1986 nivis
1553 1931 1871 2003 magnam
1908 1932 2043 2004 per
2068 1914 2277 1996 nives
2308 1910 2597 1984 labendi

572 2009 980 2102 facultatem
1034 2011 1446 2104 praebebat,
1512 2011 1649 2083 sed
1715 2011 2021 2104 pedibus
2087 2013 2229 2082 iter
2285 2010 2597 2084 faciendi

567 2121 762 2185 tanta
813 2120 967 2183 erat
1020 2108 1441 2196 difficultaS‚
1509 2120 1587 2181 ut
1635 2113 1699 2180 si
1737 2115 1914 2205 ,quis
1965 2134 2007 2184 a
2057 2112 2174 2185 via
2226 2116 2595 2186 excessis-

571 2222 729 2297 set,
783 2231 1030 2303 parum
1080 2208 1415 2296 abesset,
1467 2212 1637 2303 quin
1686 2220 1883 2283 totus
1935 2214 2194 2284 nivium
2249 2215 2596 2305 voragine

570 2319 1046 2406 mergeretur.
1146 2308 1330 2387 Tum
1379 2309 1637 2382 coelum
1691 2311 2096 2398 albescere,
2149 2334 2401 2405 magna
2432 2335 2595 2385 cnm

572 2415 764 2486 aeris
813 2414 1265 2497 serenitate,
1333 2414 1564 2504 coepit.
1688 2409 2050 2498 Pauliani,
2079 2435 2284 2502 „cum
2340 2434 2594 2506 rupem

567 2513 1148 2597 adscendissent,
1200 2512 1881 2599 animadverterunt,
1930 2522 2145 2586 totam
2199 2515 2597 2605 regionem,

571 2625 907 2709 qnantum
959 2601 1183 2707 patuit
1233 2621 1708 2705 prospectuS,
1758 2633 1800 2686 a
1854 2616 2212 2706 superiori
2266 2612 2592 2705 Gjollur-

570 2735 744 2800 aso,
806 2732 1202 2805 omnesque
1266 2720 1510 2803 partes
1571 2711 1913 2785 boreales
1964 2714 2355 2786 secundum
2405 2711 2593 2807 Fry-

567 2816 785 2898 siam,
874 2821 948 2883 et
1030 2813 1437 2882 exteriores
1504 2821 1773 2884 tractus
1838 2835 2069 2908 usque
2152 2814 2241 2885 ad
2324 2835 2596 2907 pascua

569 2913 955 3003 Akrensia,
1006 2908 1364 2984 hominum
1417 2909 1862 2984 multitudine
1917 2915 2253 2988 inundari.
2342 2912 2593 3009 ltaque

571 3035 780 3107 quam
831 3010 1212 3083 celerrime
1266 3013 1575 3097 reversi,
1620 3010 1755 3084 bas
1804 3034 1931 3085 res
1966 3018 2126 3107 regi
2161 3017 2592 3088 nuntiarunt.

567 3114 759 3200 Rex,
812 3114 928 3208 qui
981 3121 1127 3185 tum
1178 3113 1251 3184 in
1277 3111 1833 3187 Mortustokkos
1867 3115 2364 3200 adscenderat,
2416 3137 2589 3189 con-

569 3218 840 3287 sistens
889 3235 1108 3285 antes
1160 3215 1403 3284 nuntio
1456 3211 1674 3286 allato
1727 3214 2048 3308 praebuit,
2102 3214 2375 3288 vexillo
2431 3220 2592 3309 ejus

571 3326 648 3387 et
714 3318 941 3410 primo
1003 3315 1289 3405 agmine
1355 3315 1631 3386 interea
1694 3335 1825 3407 per
1889 3313 2191 3401 vallem,
2274 3316 2590 3409 indeque

571 3437 856 3489 sursum
903 3433 1164 3488 versus
1214 3413 1286 3481 in
1337 3431 1585 3503 rupem
1622 3417 1973 3503 enitente3
2029 3414 2279 3488 horum
2317 3414 2438 3504 alii
2467 3420 2590 3493 via

569 3512 1014 3587 vehicularia
1065 3509 1526 3598 scandebant,
1577 3513 1694 3586 alii
1745 3535 1877 3607 per
1930 3515 2184 3588 clivum
2231 3517 2419 3588 adeo
2470 3538 2586 3588 ar-

571 3613 781 3683 duum
854 3613 1022 3684 eniti
1078 3610 1645 3700 contendebant,
1711 3624 1791 3684 ut
1855 3613 2086 3686 altero
2138 3616 2328 3709 pede
2380 3626 2589 3693 recto

569 3715 1009 3801 insistenteS,
1061 3732 1253 3803 genu
1304 3708 1601 3784 alter-ius
1654 3716 1862 3808 pedis
1916 3714 2127 3790 facile
2181 3718 2377 3789 inniti
2415 3739 2585 3810 pos-

565 3822 746 3887 sent.
850 3809 1131 3898 Coloni,
1183 3810 1468 3886 sublato
1525 3812 1835 3896 clamore
1872 3815 2159 3903 bellico,
2210 3819 2283 3891 in
2332 3839 2585 3910 rupem

564 3921 1188 4012 procucurrerunt,
1221 3910 1513 4010 missilia
1549 3915 2030 4003 effundentes;
2075 3915 2336 4011 quibus
2368 3917 2582 3988 facile

568 4023 754 4097 erat,
807 4011 951 4083 tela
1004 4034 1099 4081 ex
1150 4011 1314 4081 loco
1368 4017 1746 4102 superiore
1803 4017 1873 4084 in
1923 4016 2321 4087 subeuntes
2375 4019 2583 4107 inge.

634 4142 679 4208 ι)
717 4159 837 4222 <1¹¹ae
872 4142 1152 4201 multitudo
1188 4161 1215 4197 a
1255 4140 1588 4215 Svinasundo
1613 4125 1851 4213 advenit,
1873 4144 2002 4220 add·
2047 4144 2114 4207 B,
2141 4140 2201 4196 F·
