2950 4709
611 367 675 454 6
1049 389 1415 441 msa-unm
1468 387 1694 441 anons
1747 388 2184 439 svnnmzms.
2455 385 2530 450 c.
2557 387 2619 449 1.

614 572 945 671 [follibus
994 572 1466 646 veliementer
1512 565 1799 644 inflatis¹
1836 563 2180 667 coquiturss
2255 567 2423 661 Quo
2453 572 2619 642 viso

613 676 943 768 seminam
991 677 1087 745 ita
1139 684 1254 745 est
1302 672 1646 745 allocuta:
1700 671 1887 743 hunc
1928 683 2199 766 partum
2237 671 2622 763 diligenter

613 795 1029 861 servemus,
1094 795 1233 845 nec
1283 795 1325 843 a
1375 775 1704 866 quopiam
1755 773 2216 844 animadverti
2266 774 2618 857 sinamus3

611 874 981 970 plerisque
1035 877 1244 961 enim,
1297 875 1416 968 qui
1463 872 1791 959 viderint,
1841 894 1966 945 res
2013 875 2180 944 visu
2228 873 2364 943 erit
2405 873 2619 963 inpri-

611 978 748 1046 mis
802 972 1157 1048 mirabilis.
1269 971 1454 1065 Ipsae
1520 972 1684 1043 dein
1750 976 1817 1042 ei
1870 976 2047 1045 visae
2097 970 2619 1063 sunt·lapi‹lem

613 1072 968 1147 sublatum
1015 1081 1089 1143 et
1124 1076 1198 1144 in
1227 1071 1412 1144 sella
1461 1073 1759 1163 quadam
1786 1073 2186 1167 depositum
2237 1068 2619 1164 splendido

613 1195 846 1267 panno
900 1171 1313 1245 obvolvere.
1417 1170 1653 1262 Quem
1706 1193 1864 1243 cum
1902 1194 2105 1267 quam
2157 1169 2619 1263 diligentissi-

612 1294 729 1344 me
782 1272 1377 1358 custodivissent‚
1441 1286 1674 1361 tamen
1742 1272 2070 1343 scintillae
2101 1309 2106 1313 ·
2134 1291 2267 1364 per
2316 1292 2621 1364 pannum

614 1372 993 1445 volitantes
1055 1380 1276 1443 totum
1342 1375 1531 1443 intus
1586 1371 2022 1443 coenaculum
2076 1367 2619 1457 collustrabant3

614 1494 759 1566 quo
808 1471 1172 1544 horrendo
1222 1475 1382 1544 viso
1434 1471 1809 1544 admodum
1837 1481 2005 1543 sunt
2040 1473 2465 1564 perterritae,
2517 1478 2619 1539 at-

550 1633 559 1643 ,
613 1592 757 1665 que
808 1574 1090 1644 tandem
1139 1574 1294 1664 ipsa
1342 1594 1595 1644 somno
1651 1569 2158 1666 expergefacta
2188 1580 2319 1640 est.
2417 1570 2621 1641 Unas

532 1713 537 1718 -
616 1692 712 1742 ex
741 1671 1100 1747 Gunnilda
1149 1670 1363 1743 filium
1417 1675 1762 1765 suscepit,
1815 1676 2094 1743 nomine
2135 1670 2441 1760 Hidium,
2489 1668 2619 1739 fili-

614 1770 929 1868 amqne2,
998 1794 1158 1866 quae
1219 1772 1588 1865 Stephano
1655 1770 1899 1844 Porco
1935 1776 2239 1865 nupsit,
2320 1792 2620 1864 quorum

612 1871 817 1944 filius
850 1882 1005 1943 erat
1045 1869 1312 1943 Petrus
1339 1870 1688 1965 Steyper3
1740 1871 1990 1964 plures
2019 1880 2371 1966 praeterea
2399 1866 2620 1940 filias³

611 1971 813 2043 Unas
867 1992 961 2042 ex
1011 1991 1245 2042 uxore
1297 1993 1428 2043 sua
1478 1975 1902 2064 procreavit.
2006 1970 2360 2057 Sverrer,
2418 1973 2618 2064 quin-

614 2090 756 2165 ·que
809 2092 1034 2143 annos
1094 2081 1333 2157 natuS,
1400 2070 1652 2141 relicta
1700 2067 2097 2163 Norvegia,
2171 2073 2619 2143 occidentem

614 2189 879 2243 versus
930 2174 1003 2241 in
1053 2169 1327 2241 insulas
1376 2169 1673 2241 Faeroas
1724 2170 2095 2264 profectus
2149 2179 2298 2257 est,
2353 2170 2477 2243 ubi
2528 2169 2617 2238 ab

614 2272 959 2365 episcopo
1008 2268 1199 2343 Roio
1266 2280 1381 2341 est
1447 2274 1792 2343 enutritus
1861 2281 1936 2342 et
2005 2272 2366 2342 educatus
2482 2269 2621 2341 Hic

617 2387 780 2442 eum
828 2370 1061 2442 literis
1117 2369 1585 2444 erudiendum
1647 2374 1954 2456 curavit,
2025 2379 2099 2441 et
2161 2370 2619 2441 inferioribus

614 2469 981 2541 ordinibus
1052 2468 1573 2542 ecclesiasticis
1641 2473 1979 2544 initiatum
2041 2469 2323 2541 tandem
2373 2490 2617 2541 sacer-

617 2568 811 2641 dotio
865 2563 1328 2661 inauguravit}
1445 2569 1589 2660 Qui
1639 2580 2099 2664 posteaquam
2150 2573 2349 2640 annis
2397 2580 2617 2640 matu-

612 2678 877 2755 ruerat,
927 2689 1170 2738 mores
1221 2669 1722 2739 sacerdotibus
1765 2669 2021 2761 dignos
2052 2672 2278 2739 minus
2315 2669 2632 2761 diligen-·

611 2776 726 2837 ter
777 2766 1207 2852 observavit,
1257 2788 1487 2862 seque
1537 2771 1872 2859 majorem
1921 2771 1991 2837 in
2041 2768 2325 2840 modum
2376 2769 2621 2840 turbu·

611 2864 880 2939 lentum
948 2866 1265 2960 praebuit.
1389 2865 1696 2937 Incurrit
1775 2870 1848 2937 in
1913 2868 2152 2939 odium
2220 2865 2619 2960 Brynjolvi,

610 2965 827 3040 Kalvi
878 2965 1098 3057 legati
1146 2964 1291 3052 filii,
1344 2968 1464 3059 qui
1512 2976 1683 3036 tunc
1732 2969 2076 3059 temporis
2104 2971 2304 3060 regis
2332 2971 2618 3039 nomine

610 3064 742 3137 bas
793 3065 1064 3138 insulas
1115 3067 1657 3154 administravit3
1712 3088 1866 3138 nam
1906 3065 2221 3138 Sverrer
2261 3066 2618 3141 hominem

611 3164 914 3262 aliquem
965 3164 1398 3259 pulsaverat,
1450 3188 1654 3259 quam
1708 3166 1800 3237 ob
1852 3188 2136 3239 causam
2178 3165 2619 3262 Brynjolvus
2661 3195 2666 3200 ·

609 3287 869 3358 magno
922 3289 1084 3337 cum
1133 3287 1430 3338 numero
1482 3288 1772 3340 suorum
1829 3288 1990 3339 eum
2017 3288 2433 3359 ’aggressus
2484 3279 2618 3343 est.

612 3363 757 3455 Qui
810 3387 968 3436 cum
1021 3364 1226 3436 solus
1262 3368 1643 3450 evasisset,
1695 3367 1984 3439 cedenti
2012 3368 2197 3438 adeo
2226 3365 2617 3439 vehemen-

608 3474 723 3535 ter
774 3467 1219 3551 institerunt,
1287 3474 1367 3534 ut
1437 3466 1509 3532 in
1579 3459 1977 3536 cubiculum
2029 3457 2318 3561 aliquod
2371 3466 2617 3538 confu-

610 3565 820 3657 giens
872 3562 1190 3634 latebras
1242 3583 1570 3657 quaerere
1602 3576 2023 3657 cogeretur3
2076 3565 2194 3636 hic
2222 3568 2293 3635 in
2321 3565 2616 3639 fornace

611 3663 1006 3736 occultatus
1054 3674 1169 3733 est
1218 3686 1260 3737 a
1309 3663 1570 3733 femina
1622 3664 1940 3760 quadam,
1993 3688 2179 3760 quae,
2231 3666 2616 3759 praefurnio

607 3762 823 3858 plano
875 3762 1112 3856 lapide
1165 3764 1561 3851 obstructo,
1611 3768 1848 3857 ignem
1902 3776 2065 3839 ante
2099 3766 2459 3838 fornacem
2497 3788 2615 3836 ac-

611 3864 884 3952 cendit3
954 3862 1146 3934 unde
1218 3864 1520 3950 factum,
1587 3875 1667 3938 ut
1715 3864 1857 3954 illi,
1924 3866 2320 3939 cubiculum
2373 3866 2616 3959 perlu-

611 3971 945 4049 strantes,
998 3983 1159 4034 eum
1186 3963 1451 4036 frustra
1483 3976 1910 4060 quaererent.
1983 3966 2077 4039 Et
2114 3986 2294 4037 vero
2348 3964 2446 4052 hi,
2497 3970 2617 4059 qui

683 4109 729 4176 ¹)
765 4111 936 4166 onzitt.
969 4111 1035 4163 G.
1106 4111 1157 4183 ¹)
1197 4098 1426 4185 nomine,
1462 4115 1590 4169 add.
1632 4114 1711 4179 G,
1746 4131 1976 4170 vacuum
2010 4114 2249 4185 aputeum
2285 4112 2494 4169 nomini
2525 4130 2616 4168 ro-

614 4181 883 4255 lt’nquene.
955 4184 1008 4251 ⁸)
1045 4184 1250 4253 liberos,
1293 4184 1359 4239 F.
