2950 4709
606 306 718 400 12
1030 335 1398 390 maronia
1450 336 1676 392 ateis
1727 337 2164 400 emanente.
2365 337 2439 401 c,
2465 334 2601 401 6-7‚

596 513 911 590 Jolense
972 524 1355 614 transegit,
1443 542 1686 594 rerum
1770 543 2059 594 suarum
2122 519 2602 594 difficultatem

598 637 1097 710 saepenumero
1149 619 1470 713 dynastae
1524 625 1895 716 exposuit,
1963 625 2261 717 ejusque
2313 632 2604 696 senten-

599 719 800 804 tiam,
850 717 1042 813 ‘quid
1092 722 1511 814 capiendum
1561 721 1842 796 consilii
1894 730 2133 808 esset,
2204 724 2604 817 exquisivit.

599 815 753 889 Sed
796 819 1065 890 accidit
1102 819 1243 907 hic,
1293 821 1485 914 quod
1537 825 1805 915 saepius
1856 842 1993 893 usu
2044 824 2295 893 venire
2341 830 2607 915 potest,

596 928 679 991 ut
743 918 1024 1013 quidam
1091 921 1472 1007 adessent,
1542 924 1662 1016 qui
1729 923 1954 1014 magis
2021 923 2345 993 invidiosi
2398 943 2606 1015 quam

596 1016 936 1090 benevoli
988 1025 1264 1106 essent,
1317 1021 1509 1114 quod
1562 1021 1846 1115 quidem
1897 1023 2125 1115 ipsulm
2177 1025 2250 1091 in
2280 1042 2607 1112 magnum

598 1118 997 1213 periculum
1047 1120 1355 1194 adduxit.
1455 1119 1679 1210 Nam,
1729 1143 1890 1192 cum
1942 1121 2136 1193 multi
2187 1142 2426 1192 rerum
2478 1122 2605 1191 im-

596 1218 1105 1311 prudentiores
1126 1217 1155 1265 1
1230 1240 1317 1291 ea
1401 1241 1561 1315 quae
1630 1219 2090 1292 narrabantur
2168 1231 2345 1292 vera
2434 1239 2606 1290 esse

596 1328 948 1411 putarent,
1004 1326 1165 1392 eum
1218 1320 1311 1391 de
1362 1320 1602 1392 medio
1639 1319 1902 1392 tollere
1950 1321 2359 1413 cupiebant3
2411 1318 2606 1412 quod

601 1417 903 1509 dynasta
953 1417 1148 1490 nullo
1198 1421 1413 1491 modo
1462 1419 1620 1490 fieri
1668 1441 1929 1514 passus
1984 1429 2137 1507 est,
2202 1422 2342 1491 nisi
2389 1421 2606 1488 mani·

598 1517 786 1589 festa
838 1520 1156 1613 quaedam
1209 1518 1417 1613 eulpa
1465 1523 1537 1589 in
1592 1540 1682 1591 eo
1734 1530 2022 1613 reperta
2074 1528 2312 1613 esset-3
2366 1520 2606 1613 potius

599 1617 1077 1712 explorandas
1155 1641 1395 1694 rerum
1482 1641 1766 1691 suarum
1851 1624 2166 1692 rationes
2244 1617 2608 1691 censebat.

505 1765 509 1772 ·
599 1717 766 1809 Quo
819 1718 960 1789 fine
1015 1723 1083 1791 ei
1137 1730 1211 1791 et
1262 1724 1500 1791 vinum
1554 1730 1627 1791 et
1676 1718 2017 1807 mulsum,
2091 1741 2231 1814 quo
2301 1711 2616 1788 inebria-'

599 1829 822 1904 retur,
871 1818 1251 1890 bibendum
1285 1820 1515 1890 datum
1555 1829 1692 1905 est,
1742 1822 1805 1890 si
1839 1821 2031 1913 quod
2064 1820 2251 1891 forte
2283 1817 2608 1903 verbum,

597 1919 800 2009 cujus
867 1940 1084 1993 causa
1160 1920 1466 1990 criminis
1535 1918 1894 1989 obnoxius
1961 1929 2285 1990 morteve
2352 1918 2608 2010 dignus

589 2018 894 2110 judicari
945 2027 1237 2111 posset,
1307 2039 1436 2091 ore
1492 2020 1648 2110 eJus
1701 2019 2091 2090 excideret.
2196 2017 2372 2090 Cum
2425 2038 2606 2089 vero

518 2159 525 2167 -
598 2115 936 2204 sven-er,
988 2120 1105 2212 qui
1159 2138 1448 2210 semper
1500 2118 1592 2189 de
1646 2139 1863 2190 causa
1901 2140 2033 2192 sua
2086 2128 2285 2190 esset
2339 2116 2606 2189 sollici-

522 2305 530 2313 ·
595 2226 749 2302 ωε,
801 2221 1033 2289 vinum
1089 2227 1163 2289 et
1211 2217 1548 2304 mulsum,
1615 2222 1939 2311 quamvis
1988 2218 2269 2290 abunde
2322 2218 2606 2311 apposi-

596 2326 741 2389 tum
795 2327 1017 2402 esset,
1071 2340 1312 2411 parum
1365 2328 1672 2404 curaret,
1724 2319 1859 2389 sed
1914 2341 2005 2391 eo
2057 2321 2395 2410 majorem
2440 2327 2628 2387 cau-'

597 2420 865 2490 tionem
926 2417 1064 2490 sibi
1131 2417 1600 2493 adhibendam
1654 2438 1827 2489 esse
1879 2428 2204 2514 putaret,
2260 2417 2452 2511 quod
2504 2419 2607 2485 in-

595 2518 984 2612 telligeret,
1033 2538 1386 2611 responsa
1440 2518 1533 2588 de
1586 2518 1910 2592 omnibus
1962 2518 2206 2603 rebuS,
2263 2539 2422 2609 quae
2474 2536 2608 2588 sua

597 2622 903 2690 maxime
955 2621 1361 2704 intererant,
1417 2617 1627 2687 dilata
1662 2617 2020 2707 essex-hi,
2071 2619 2190 2711 qui
2244 2637 2405 2685 eum
2455 2618 2606 2684 ine·

595 2718 833 2789 briare
882 2716 1298 2803 voluerant,
1364 2714 1576 2802 nihil,
1644 2718 1835 2810 quod
1887 2719 1957 2790 ei
2008 2718 2278 2790 crimini
2332 2714 2607 2801 darent,

597 2820 1044 2888 invenerunt.

779 2914 1100 2992 Smer-rer
1147 2917 1228 2985 in
1297 2912 1377 2986 V
1364 2913 1865 2988 ermalcmdum
1900 2917 2428 3010 proficiscitur.

578 3074 611 3098 „
802 3014 862 3092 7.
961 3014 1185 3087 Festo
1236 3013 1524 3106 ‚Iolensi
1591 3015 1880 3108 elapso,
1944 3016 2176 3110 quod,
2244 3037 2403 3109 quae
2467 3016 2607 3106 ipsi

556 3116 968 3210 ‘placerent
1032 3114 1124 3187 de
1189 3119 1483 3208 negotio
1550 3137 1688 3188 suo
1742 3135 2096 3209 responsa
2163 3115 2251 3186 ab
2306 3116 2609 3206 dynasta

599 3239 755 3290 non.
807 3216 1149 3289 retulisse
1215 3216 1352 3288 sibi
1401 3219 1605 3288 visus
1658 3224 1809 3302 est,
1878 3218 2017 3286 iter
2068 3218 2138 3286 in
2188 3212 2604 3285 Vermalan-

600 3317 765 3390 dum
835 3320 1225 3401 convertit,
1307 3315 1497 3386 haud
1584 3336 1758 3387 sane
1822 3335 2205 3385 numeroso
2276 3312 2607 3384 comitatu

598 3419 940 3510 stipatuS,
995 3415 1162 3485 inde
1220 3417 1404 3543 vim
1455 3434 1599 3484 non
1648 3416 1785 3484 nisi
1835 3435 1977 3484 uno
2032 3416 2402 3484 comitatus
2455 3414 2603 3483 dis-

517 3511 521 3517 ’
601 3519 854 3600 cessit3
915 3517 1002 3583 ·in
1065 3534 1205 3606 quo
1273 3515 1530 3604 itinere
1596 3515 1796 3605 gravi
1863 3521 2289 3605 tempestate
2362 3522 2437 3585 et
2502 3512 2603 3582 la-

598 3614 785 3686 bore
833 3612 1379 3685 conflictabatur.
1484 3611 1704 3704 Cujus
1754 3611 2036 3683 fortuna
2070 3613 2421 3684 simillima
2451 3622 2607 3683 erat

600 3715 766 3786 fatis
817 3715 1176 3806 regiorum
1228 3733 1646 3805 puerorum,
1701 3734 1883 3807 quos
1933 3721 2231 3786 veteres
2280 3712 2602 3784 historiae

598 3813 691 3885 ab
747 3814 923 3887 diris
983 3833 1450 3887 novercarum
1520 3811 2144 3905 imprecationibus
2206 3814 2605 3904 exagitatos

601 3916 832 3987 fuisse
883 3922 1302 4000 memorant3
1356 3935 1512 3984 nam
1566 3934 1706 3984 sex
1759 3922 2131 4008 septemve
2185 3914 2344 3984 dies
2379 3912 2604 3982 couti-

537 4035 545 4043 ·
602 4035 787 4088 nuos
851 4033 983 4106 per
1049 4022 1289 4085 vastas
1359 4022 1433 4084 et
1481 4016 1879 4105 incognitas
1929 4010 2355 4085 solitudines
2411 4030 2605 4079 erra..

677 4142 723 4208 ²)
760 4143 1111 4217 inteliiffgeutes,
1156 4139 1218 4194 G.
