2950 4709
330 305 653 377 (22425,
770 311 1136 359 msromn
1189 310 1413 359 nutus
1466 307 1906 356 svennssnu.
2223 274 2342 364 43

327 515 611 567 monem
681 495 1240 585 contenderunt,
1327 491 1850 590 congressique
1927 501 2096 565 sunt
2173 498 2337 562 ante

330 593 608 681 lucem,
675 595 997 667 tenebris
1048 598 1234 667 adeo
1289 596 1576 682 densis,
1643 604 1722 665 ut
1786 592 1983 665 nullo
2033 592 2337 663 animad-

329 704 665 766 vertente
715 698 920 786 signa
970 696 1373 767 cervicibus
1403 698 1863 767 imminerent.
1941 693 2127 765 Mox
2154 713 2337 785 prae-

329 792 497 866 lium
551 799 1039 885 committitur3
1107 805 1459 889 pugnatur
1512 799 1691 866 satis
1743 797 2036 880 acriter,
2101 812 2338 887 neque

333 895 498 982 diu,
568 916 663 966 eo
712 895 994 965 tandem
1049 900 1281 981 exitu,
1333 905 1408 966 ut
1455 895 1665 972 Deus
1719 897 1876 986 regi
1931 891 2338 987 praeclaram

328 997 694 1066 victoriam
749 996 975 1083 daret,
1027 1006 1305 1067 centum
1361 1006 1434 1065 et
1485 997 1861 1086 sexaginta
1895 992 2337 1068 simoniano-

331 1117 489 1164 rum
542 1095 962 1181 interfectiS,
1015 1092 1340 1189 septeml
1396 1116 1688 1166 suorum
1719 1097 2019 1166 amissis.
2091 1091 2340 1165 Simon

336 1218 497 1264 cum
549 1194 846 1288 reliquis
897 1197 1222 1267 omnibus
1275 1200 1344 1265 in
1394 1195 1633 1287 fugam
1680 1217 1765 1266 se
1796 1196 2133 1287 conjecit3
2186 1196 2342 1288 qui-

330 1294 473 1370 hus
525 1293 958 1386 fugientibus
1013 1305 1305 1390 propter
1354 1295 1865 1367 multitudinem
1919 1294 2224 1367 hostium
2266 1300 2341 1364 et

331 1393 673 1467 tenebras
725 1398 990 1469 instare
1041 1418 1183 1466 non
1233 1400 1391 1468 ausi
1441 1404 1623 1467 sunt.

699 1494 823 1568 De
871 1494 1257 1568 itineribus
1300 1499 1507 1592 reglis
1561 1492 1795 1567 Sverr
1797 1498 1964 1566 eris.

538 1594 660 1665 25.
761 1595 919 1668 Hoc
969 1597 1299 1668 confecto
1353 1594 1602 1700 praelio
1654 1616 1789 1666 rex
1840 1578 2153 1666 Sverrer
2204 1596 2342 1663 iter

226 1777 233 1784 .
331 1692 737 1788 Kongelam
791 1699 1169 1789 ingressus
1223 1706 1367 1783 est3
1439 1684 1566 1767 hic
1606 1694 1815 1766 honis
1867 1714 2154 1780 eorum,
2220 1695 2342 1786 qui

332 1794 770 1887 effugerant,
835 1819 994 1889 quae
1058 1818 1377 1888 magnam
1446 1798 1770 1889 pecuniae
1822 1815 2161 1878 summam
2232 1792 2339 1864 ef·-

329 1893 686 1981 secerunt,
737 1899 1002 1989 potitus
1061 1909 1211 1984 cst3
1250 1899 1525 1991 oppido
1579 1897 2043 1988 stipendium,
2092 1895 2339 1987 viginti

335 1994 650 2066 selibras
702 1997 1156 2090 ponderataS,
1206 2000 1555 2090 imposuit.
1656 1994 1793 2068 Hic
1846 1998 2024 2068 duas
2073 2005 2338 2067 tantum

330 2106 589 2170 noctes
640 2108 1139 2185 commoratus,
1192 2099 1385 2191 quod
1436 2097 1970 2193 suspicabatur,
2020 2098 2093 2168 id
2145 2095 2339 2191 quod

301 2195 715 2268 «verisimile
786 2208 973 2285 erat,
1044 2219 1136 2269 ex
1187 2208 1381 2270 tanto
1434 2219 1771 2284 numero,
1839 2201 1957 2293 qui
2008 2219 2166 2269 cum
2220 2194 2335 2265 Si-

331 2318 545 2368 mone
598 2297 901 2388 fugerat,
957 2298 1366 2392 complures
1419 2320 1590 2370 csse
1645 2319 2114 2386 reversuroS,
2168 2295 2335 2367 inde

329 2393 700 2490 Ljodhusa
750 2420 837 2470 se
890 2398 1207 2486 contulit,
1259 2398 1376 2469 ubi
1427 2400 1697 2491 aliquot
1728 2408 1978 2469 noctes
2020 2405 2337 2469 moratus

335 2506 468 2567 est.
569 2496 852 2571 lnterim
921 2521 1054 2570 rex
1121 2501 1435 2590 Magnus
1499 2497 1985 2592 Erlingusque
2039 2497 2342 2589 dynasta

332 2619 628 2689 magnas
675 2603 919 2692 copias
961 2610 1505 2686 contraxerant,=
1531 2598 1854 2669 omnibus
1896 2600 2018 2694 qui
2055 2601 2127 2669 in
2154 2594 2342 2667 Vika

338 2708 551 2788 erant·
591 2699 950 2792 praefectis
1001 2701 1311 2772 adscitis.
1412 2698 1737 2794 Tumque
1789 2702 1884 2771 ita
1931 2698 2212 2785 accidit,
2261 2706 2343 2769 ut

336 2801 656 2891 utrique,
707 2802 931 2892 ignari
986 2823 1127 2894 quo
1181 2800 1346 2872 loco
1399 2801 1606 2873 alteri
1656 2811 2158 2887 versarentur,
2210 2797 2338 2880 ob-‚

333 2900 517 2970 viam
569 2902 755 2972 inter
804 2922 891 2972 se
945 2902 1483 2989 contenderent,
1538 2920 1717 2993 rege
1744 2898 2102 2972 Sverrere
2155 2921 2340 2994 prae-

338 2999 584 3070 darum
637 3000 1156 3089 occasionibuS‚
1206 3005 1269 3072 si
1325 3026 1483 3096 quae
1537 3000 1723 3072 sorte
1776 3003 1847 3069 in
1896 3000 2083 3072 Vika
2124 3000 2339 3070 offer-

335 3108 606 3185 rentur,
660 3103 1082 3171 imminente.
1181 3102 1418 3172 Nocte
1470 3102 1768 3195 quadam
1819 3103 2004 3171 inter
2056 3108 2340 3171 noctur·

336 3220 466 3273 nas
532 3210 993 3295 utrorumque
1062 3205 1413 3272 stationes
1480 3222 1621 3270 non
1687 3199 1988 3292 amplius
2040 3196 2342 3268 milliarii

335 3303 639 3391 spatium
706 3302 1080 3389 intererat,
1150 3304 1245 3373 ita
1312 3312 1545 3373 tamen
1610 3310 1690 3372 ut
1752 3301 1988 3371 neutri
2049 3297 2390 3394 alterius.

334 3400 719 3471 adventum
786 3412 1350 3495 praecognosset.
1450 3401 1567 3472 Ab
1642 3422 1730 3473 ea
1797 3403 2105 3472 statione
2156 3401 2342 3469 inter
2443 3413 2452 3420 ·

337 3521 425 3571 se
479 3500 756 3572 obviam
811 3523 1231 3595 perrexere,
1286 3505 1520 3574 donec
1571 3501 1755 3573 alter
1803 3500 1891 3570 ab
1939 3500 2167 3572 altero
2197 3520 2342 3570 non

334 3600 636 3694 amplius
689 3601 988 3672 milliarii
1040 3604 1442 3698 quadrantis
1495 3605 1725 3696 spatio
1777 3601 2089 3674 abesset.
2161 3598 2341 3671 Tum

336 3702 616 3773 demum
701 3699 1268 3775 animadvertens
1343 3725 1479 3775 rex
1549 3701 1862 3774 Sverrer
1927 3711 2197 3797 patrem
2268 3709 2344 3772 et

334 3799 551 3872 filium
587 3824 746 3873 cum
783 3799 1010 3896 copiis
1039 3806 1617 3896 progredienteS,
1670 3802 2044 3874 confestim
2083 3803 2341 3873 itinere

335 3903 686 3978 orientem
736 3924 996 3974 versus
1049 3925 1443 3989 converso,
1514 3903 1744 3975 donec
1807 3905 1876 3972 in
1927 3900 2341 3972 Vermalan·

335 4003 501 4074 dum
557 4006 999 4095 perveniret,
1061 4006 1167 4073 ire
1236 4006 1574 4096 perrexit.
1674 4001 1808 4073 Hic
1871 4004 2069 4073 viros
2123 4003 2339 4071 maxi-

409 4135 457 4210 Ψ)
497 4149 614 4192 octo
650 4149 867 4203 tantum,
910 4133 990 4197 Ἐς
1027 4157 1110 4190 zex
1146 4149 1366 4202 tantum,
1410 4127 1484 4189 B:
