2950 4709
8 4139 332 4667 μ

561 302 683 390 72
984 323 1364 376 rus-roma
1419 322 1643 371 πει-,ιε
1699 319 2135 372 svnnnnnrs.
2240 317 2312 387 c·
2346 321 2566 387 4042

566 512 907 605 emporiis
935 507 1212 580 aliisve
1234 504 1418 579 locis
1443 516 1928 594 versarentur,
1979 511 2045 580 si
2075 510 2233 602 quis
2285 497 2568 580 nomine

562 609 957 681 Birkibeiui
1010 606 1515 702 appellaretur,
1568 589 1654 677 ab
1710 628 1802 678 eo
1856 610 2020 679 iude
2054 618 2378 702 tempore
2408 607 2570 680 baec

561 710 945 830 appellatio
1022 730 1153 801 pro
1226 707 1524 778 honoris
1585 706 1790 778 titulo
1851 707 2085 779 habita
2139 719 2283 793 est,
2352 711 2570 801 iique,

563 814 683 905 qui
753 814 860 881 sic
921 806 1255 901 appellati
1322 816 1523 893 sunt,
1584 811 1818 898 magni
1871 807 2426 895 aestimabantur3
2499 817 2572 877 et

555 913 683 1005 qui
736 919 945 981 autea
978 908 1256 979 fuerant
1283 909 1617 999 operarii,
1668 910 1913 1001 partim
1949 911 2153 978 etiam
2189 908 2570 1001 praedones
2603 962 2613 972 .

565 1019 642 1081 et
690 1007 1398 1091 homines‘seditiosi,
1446 1008 1685 1091 iidem,
1737 1017 2196 1102 posteaquam
2253 1011 2323 1077 in
2359 1027 2568 1077 exer-

563 1113 708 1180 citu
759 1106 1375 1201 regis‘Sverreris
1427 1106 1732 1193 fuerant,
1781 1110 2284 1202 victoriamque
2319 1129 2571 1199 repor-

560 1218 828 1295 tarant,
894 1207 1343 1301 splendidum
1394 1205 1656 1276 cultum
1714 1216 1789 1277 et
1840 1211 2131 1277 coccina
2199 1206 2570 1300 gerebant,

561 1328 897 1401 armaque
953 1309 1245 1393 eximia,
1307 1314 1517 1376 antea
1584 1306 1671 1377 ab
1739 1307 1992 1378 aulicis
2042 1318 2161 1379 aut
2214 1307 2571 1402 praefectis

560 1411 811 1501 Magni
860 1411 1066 1499 regis
1116 1415 1413 1498 gestata.
1515 1405 1780 1500 Atque,
1830 1409 1892 1477 si
1946 1411 2066 1501 qui
2122 1429 2216 1478 ex
2261 1407 2398 1494 his,
2450 1411 2571 1500 qui

519 1525 522 1530 ⁴
565 1531 699 1580 eos
766 1519 932 1580 aute
986 1507 1375 1593 vidissent,
1444 1504 1712 1577 vultum
1766 1527 2011 1578 eorum
2065 1518 2570 1599 agnoscerent,

565 1612 700 1681 etsi
754 1609 966 1678 iidem
1037 1616 1323 1693 essent,
1395 1608 1514 1700 qui
1574 1616 1781 1677 autea
1844 1628 2204 1701 pauperes
2271 1607 2571 1696 fuerant,

561 1720 798 1779 tamen
853 1705 1408 1804 dissimulabant,
1458 1727 1548 1778 ac
1596 1727 1688 1776 ne
1741 1709 1878 1801 ipsi
1929 1708 2211 1802 quidem
2254 1711 2570 1801 pristinae

560 1813 730 1880 vitae
781 1810 1186 1880 memoriam
1237 1808 1610 1878 recordari
1660 1817 2005 1900 poterant.
2111 1805 2406 1878 Constat
2466 1811 2569 1878 iu-

555 1918 678 1979 ter
742 1928 1026 1993 omues,
1110 1910 1182 1975 in
1248 1915 1397 1977 tota
1459 1905 1828 1998 Norvegia
1890 1906 2229 1979 fortiores
2308 1906 2572 1981 milites

560 2029 704 2078 non
758 2009 1164 2091 exstitisse,
1229 2029 1433 2099 quam
1465 2005 1606 2101 “qui
1663 2026 1753 2076 eo
1808 2016 2130 2100 tempore
2182 2028 2337 2078 cum
2392 2030 2573 2101 rege

558 2106 923 2179 Sverrere
991 2106 1496 2193 versabantur3
1575 2105 1765 2199 quod
1829 2107 2016 2176 idem
2079 2110 2238 2200 ipse
2306 2112 2573 2201 saepius

560 2217 817 2300 postea
871 2215 1176 2277 testatus
1231 2216 1381 2292 est,
1433 2208 1829 2301 priscorum
1882 2205 2163 2279 illorum
2216 2205 2571 2279 Birkibei-

557 2328 812 2378 norum
881 2307 1313 2425 recordans,
1393 2309 1678 2399 quoties
1728 2328 1909 2378 suos
1960 2310 2127 2379 vitae
2198 2307 2572 2380 dissolutae

559 2417 685 2477 aut
734 2406 1146 2479 vinolentiae
1196 2409 1399 2477 nimis
1451 2405 1872 2498 indulgere,
1948 2407 2289 2478 excubias
2340 2407 2571 2502 negli-

563 2512 851 2598 gentius
901 2528 1150 2599 agere,
1205 2517 1325 2578 aut
1375 2529 1710 2600 aquarum
1764 2509 2053 2600 injurias
2108 2516 2181 2577 et
2225 2529 2574 2579 aerumnas

563 2606 1021 2700 laboresque,
1076 2606 1331 2700 quibus
1385 2604 1886 2698 exploratores
1938 2611 2008 2677 iu
2044 2605 2239 2677 bello
2279 2608 2574 2679 obnoxii

559 2728 739 2784 esse
794 2706 1054 2791 solent,
1107 2727 1347 2798 parum
1401 2709 1756 2798 patienter
1804 2706 2001 2777 ferre
2054 2708 2572 2779 animadverte·

561 2815 695 2875 ret.
796 2808 981 2877 Mox
1033 2758 1347 2877 ’Sverrer
1395 2803 1687 2875 aulicis
1673 2807 2128 2900 stipendium
2180 2807 2399 2893 dedit,
2451 2830 2572 2880 va·
2618 2871 2627 2878 .

541 2907 832 2998 ,riisque
884 2903 1182 2975 honoris
1232 2903 1454 2975 titulis
1508 2908 1826 2992 ornavit,
1877 2905 2411 3004 praefectosque
2463 2916 2572 2980 to-

562 3007 706 3077 tius
756 3002 1258 3076 'lbrandbeimi
1308 3007 1689 3079 constituit.

909 3102 1073 3203 Arq
1074 3114 1317 3177 cutum
1364 3107 1447 3177 in
1495 3102 1801 3177 lacerna
1848 3115 2247 3200 repertum.

743 3206 883 3280 41
986 3206 1375 3279 Acciderat
1458 3208 1529 3275 in
1597 3206 1782 3278 Vika
1849 3209 1938 3284 ad
2020 3209 2408 3294 orientem,
2494 3216 2575 3277 ut

423 3361 430 3370 ‚
563 3308 890 3382 mendica
941 3308 1263 3402 quaedam
1297 3328 1472 3377 anus
1526 3305 1777 3378 obiret.
1877 3306 2055 3377 Haec
2107 3308 2422 3377 moriens
2472 3304 2573 3377 la·-

564 3430 847 3480 cernam
900 3405 1315 3499 reliquerat,
1368 3408 1482 3476 cui
1532 3407 1762 3476 insuta
1794 3407 2049 3497 ingens
2081 3408 2356 3498 argenti
2384 3426 2574 3476 sum-

563 3530 676 3579 ma
726 3516 1016 3600 reperta
1069 3514 1242 3575 est..
1305 3502 1519 3594 Quod
1585 3504 1707 3576 ubi
1758 3503 2021 3579 milites
2072 3509 2274 3598 regis
2326 3508 2577 3597 Magni

563 3615 1106 3699 compererunt,
1177 3602 1530 3674 lacernam
1583 3615 1930 3698 ceperunt
1982 3614 2056 3675 et
2105 3609 2252 3698 igni
2305 3628 2575 3677 crema-

564 3718 748 3792 runt,
801 3715 1170 3798 argentum
1224 3707 1409 3774 inter
1457 3724 1544 3775 se
1586 3704 1997 3778 diviserunt.
2086 3704 2251 3795 Quo
2286 3710 2575 3798 cognito

563 3804 954 3876 Birkibeiui
1005 3825 1406 3898 cognomen
1435 3801 1773 3877 lacernae
1821 3804 2171 3879 heredum
2221 3809 2378 3879 sive
2431 3805 2577 3878 He-

569 3905 995 4000 klungorum
1046 3907 1138 3976 iis
1188 3904 1614 4000 indiderunt·
2171 3963 2205 3989 .,

1042 4002 1418 4082 Somnium
1466 4008 1681 4101 reyis·
1723 4006 2124 4081 Smer-reric.

772 4102 893 4177 42.
993 4103 1391 4202 Antequam
1445 4108 1835 4181 cecidisset
1861 4107 2204 4200 Erlingus
2236 4107 2582 4201 dynasta,
