2950 4709
588 325 782 415 m
1021 350 1384 399 urs-roma
1441 347 1664 396 neers
1719 346 2158 396 svennnms.
2369 341 2442 404 c.
2474 340 2625 405 172.

599 547 737 621 tur,
787 536 1183 627 conspexit.
1277 532 1515 625 Quem
1565 555 1724 604 cum
1776 530 1989 625 Bagli
2044 535 2437 625 conspicati
2490 554 2614 605 cs·

599 646 787 721 sent,
834 634 1105 707 Reidar
1155 634 1440 726 legatus
1488 637 1813 725 sagittam
1864 637 1936 703 in
1988 654 2149 704 eum
2203 636 2421 719 misit,
2472 657 2617 728 qna

598 741 670 808 in
720 736 1008 829 globum
1065 733 1340 828 illapsa,
1389 734 1680 805 alteram
1739 736 1992 818 emisit,
2043 756 2204 827 quae
2258 737 2444 804 inter
2467 756 2614 805 ma-

598 858 736 908 m
788 838 1207 908 remittentis
1257 834 1755 920 transvolavit3
1829 833 1963 905 sed
2032 843 2296 905 tectum
2354 855 2513 905 eum
2570 857 2616 905 a

596 937 900 1031 plurium
966 939 1375 1027 sagittarum
1443 938 1584 1006 ictu
1656 944 1878 1005 tutum
1967 937 2311 1025 praestitit.
2427 933 2617 1006 Post

597 1037 762 1108 baec
812 1037 1226 1122 descendit,
1294 1038 1598 1129 regique
1667 1056 1828 1127 quae
1878 1035 2183 1105 vidisset
2235 1038 2613 1127 exposuit:

597 1136 876 1229 Baglos
945 1136 1214 1229 aliquot
1294 1135 1592 1206 celoces
1666 1137 1736 1204 in
1821 1156 2065 1227 rupem
2137 1139 2615 1228 pertraxisse,

598 1257 970 1331 propeque
1022 1234 1203 1306 infra
1252 1235 1664 1319 castellnm,
1736 1235 1923 1327 quod
1981 1234 2272 1305 boream
2328 1244 2612 1328 specta-

596 1337 739 1422 bat,
788 1345 1080 1429 puteum
1136 1356 1380 1407 eorum
1439 1356 1634 1421 esse,
1686 1338 1801 1405 cni
1850 1357 2055 1405 unam
2112 1333 2466 1406 celocium
2508 1339 2612 1404 in-

596 1458 883 1510 versam
936 1437 1690 1530 superimposuissent,
1740 1447 1819 1507 ut
1868 1435 2101 1507 facilis
2155 1457 2245 1506 eo
2301 1438 2395 1507 de
2430 1458 2615 1530 rupe

599 1539 836 1609 aditus
890 1546 1121 1623 esset3
1186 1535 1483 1608 castella
1537 1539 1628 1606 ita
1685 1557 1855 1606 esse
1908 1535 2131 1621 facta,
2185 1546 2263 1607 ut
2313 1545 2617 1631 quatuor

596 1640 792 1731 tigna
844 1638 1112 1709 directa
1167 1640 1549 1708 constituta
1599 1639 1778 1722 sint,
1831 1636 2202 1707 asseribus
2253 1635 2611 1707 laterariis

598 1760 641 1810 a
692 1740 1050 1830 superiori
1086 1747 1291 1831 part'e
1328 1740 1772 1830 interJuncta,
1826 1737 2082 1830 quibus
2134 1736 2613 1808 contabulatio

597 1840 1112 1930 suspendatur,
1180 1859 1221 1907 a
1274 1847 1473 1931 parte
1539 1858 1719 1908 vero
1789 1836 2107 1907 inferiori
2171 1836 2375 1909 fores
2426 1840 2616 1908 inter

596 1941 789 2029 tigna
847 1958 1038 2008 esse.
1139 1937 1375 2008 Nocte
1429 1937 1724 2031 quadam
1781 1940 2224 2030 insequentis
2278 1941 2610 2023 autumni,

600 2038 1051 2109 densissimis
1117 2037 1439 2107 tenebris
1508 2037 1857 2123 obscura,
1924 2058 2058 2108 rex
2106 2041 2335 2109 virum
2390 2059 2611 2132 quen-

600 2138 780 2223 dam,
833 2140 1115 2207 nomine
1169 2135 1505 2208 Sveinem
1560 2136 2003 2224 monachum,
2061 2139 2130 2206 iu
2183 2160 2433 2232 rupem
2485 2141 2612 2208 mi·

597 2240 725 2326 sit3
794 2241 859 2309 is
899 2236 1160 2309 ‘sunem
1229 2257 1478 2308 secum
1549 2238 1911 2331 portabat,
1981 2239 2305 2332 duasque
2367 2238 2611 2309 hastas

596 2337 1054 2411 brevioribus
1104 2338 1513 2424 manubriis,
1566 2360 1857 2431 quarum
1911 2338 2202 2409 alteram
2244 2362 2451 2409 manu
2502 2348 2609 2409 te-

599 2440 852 2526 nebat,
919 2438 1211 2511 alteram
1281 2437 1415 2510 sub
1486 2438 1773 2530 cingulo
1828 2437 2150 2510 hahebat.
2254 2438 2400 2529 Qui
2448 2461 2610 2511 cnm

596 2545 667 2612 in
721 2562 968 2633 rupem
1024 2540 1565 2625 adscendisset,
1617 2538 1854 2609 funem
1908 2542 2028 2609 nni
2083 2540 2362 2610 castelli
2415 2542 2612 2630 tigno

600 2651 930 2734 qnantum
995 2644 1225 2732 potuit
1291 2663 1329 2710 a
1402 2660 1676 2709 summo
1728 2639 2101 2731 adligavit,
2172 2643 2374 2732 cujus
2426 2639 2613 2709 funis

600 2739 893 2810 alteram
947 2743 1460 2810 extremitatem
1515 2738 1815 2832 amplius
1868 2749 2147 2810 centum
2200 2742 2450 2832 viginti
2478 2743 2615 2810 viri

599 2838 956 2909 tenebant.
1059 2837 1279 2909 Svein
1332 2860 1683 2929 percusso
1751 2839 1920 2909 fune
1988 2838 2102 2911 his
2166 2840 2613 2931 significavit,

598 2937 892 3011 alteram
950 2941 1109 3031 ejus
1164 2941 1679 3008 extremitatem
1736 2941 1879 3030 jam
1943 2941 2349 3011 adstrictam
2417 2961 2614 3026 esse,

597 3060 742 3133 qno
797 3039 960 3109 dato
1029 3041 1237 3131 signo
1306 3041 1377 3108 in
1446 3038 1682 3109 funem
1753 3042 2113 3112 irruentes
2174 3043 2475 3110 maxima
2540 3044 2612 3111 vi

596 3139 884 3210 trahere
917 3150 1306 3233 coeperunt,
1348 3150 1426 3212 ut
1453 3138 1825 3210 castellum
1855 3140 2247 3226 vacillaret,
2281 3162 2611 3232 magnus-

598 3261 739 3334 que
808 3243 1018 3312 timor
1078 3238 1388 3332 BagloS,
1459 3243 1578 3334 qui
1643 3243 1833 3311 intus
1889 3251 2124 3326 erant,
2190 3249 2611 3332 occuparet3

598 3340 733 3411 sed
790 3361 881 3410 eo
932 3345 1091 3434 ipso
1143 3350 1501 3411 momento
1554 3339 1742 3411 funis
1796 3340 2120 3434 diruptus
2175 3354 2307 3413 est.
2386 3338 2615 3412 Svein

597 3440 1028 3525 monachus,
1082 3461 1481 3511 conscensa
1533 3461 1748 3532 rupe,
1802 3441 1891 3510 ad
1944 3442 2399 3512 meridianam
2456 3444 2615 3531 ejus

599 3549 872 3632 partem
926 3559 1013 3609 se
1065 3539 1384 3624 contulit,
1439 3559 1582 3633 quo
1636 3539 1801 3611 loco
1834 3542 1976 3612 duo
2009 3542 2359 3613 custodes
2384 3550 2612 3625 erant,

600 3658 896 3733 quorum
947 3647 1253 3733 uterque
1310 3638 1735 3729 dormiebat3
1808 3640 2059 3713 horum
2122 3640 2422 3712 alterum
2488 3639 2611 3710 ha·

597 3749 710 3811 sta
762 3738 1188 3831 perforavit,
1256 3740 1440 3811 alter
1503 3741 1588 3810 ad
1644 3752 1969 3833 punctam
2025 3742 2332 3827 exsiliit,
2400 3761 2612 3834 quem

601 3839 828 3911 Svein
879 3848 1184 3911 stantem
1235 3840 1645 3926 transfodit,
1700 3851 1773 3912 et
1822 3845 1914 3913 ita
1967 3853 2342 3936 utrumqne
2395 3844 2611 3911 inter-

603 3940 810 4028 secit;
881 3962 1022 4035 quo
1086 3941 1275 4012 facto
1342 3942 1434 4012 de
1496 3962 1676 4035 rupe
1744 3964 1786 4012 a
1850 3952 2049 4035 parte
2104 3940 2430 4012 orientali
2485 3942 2627 4010 de·-

605 4040 889 4110 scendit
942 4050 1017 4111 ct
1066 4043 1153 4112 ad
1186 4040 1647 4112 Birkibeinos
1696 4062 1784 4111 se
1836 4046 2127 4137 recepit.
2193 4041 2359 4112 Rex
2389 4040 2613 4112 Sver-

605 4159 729 4210 rer
780 4139 994 4210 multa
1062 4150 1564 4233 stratagemata
1632 4141 1721 4211 ad
1772 4164 2019 4235 rupem
2074 4141 2618 4236 expugnandam
