2950 4709
363 392 438 466 c.
480 394 577 466 19,
802 397 1166 452 ms‘roum
1220 399 1444 453 uncus
1503 398 1934 451 svnnnnnrsa
2255 369 2372 457 35

360 577 694 659 Vorsiam
748 590 1013 659 intrare
1064 588 1374 683 indeque
1425 586 1711 680 Bergas
1743 584 2194 657 descendere
2224 593 2366 655 sta-

359 691 506 762 tuit.
607 683 786 758 Haec
839 693 974 775 via,
1026 704 1184 782 quae
1235 707 1367 783 per
1417 690 1804 760 altissimos
1856 695 2133 756 montes
2174 684 2365 755 fere-

360 787 520 873 bat,
587 788 707 859 ubi
758 792 1013 881 ingens
1064 792 1321 860 nivium
1373 791 1486 861 vis
1540 790 1881 859 decidere
1933 784 2157 880 solet,
2212 784 2364 855 hie-

359 887 525 958 mali
576 897 899 981 tempore
954 886 1164 959 valde
1217 888 1349 959 fuit
1399 887 1822 984 periculosa.
1922 885 2082 955 Hoc
2132 894 2364 956 autem

359 987 732 1059 consilium
785 990 954 1060 ideo
1008 999 1385 1082 ceperant,
1453 988 1643 1081 quod
1699 990 1769 1057 in
1819 986 1978 1057 fatis
2032 995 2221 1070 erat,
2288 995 2367 1057 ut

362 1110 452 1159 ea
519 1093 678 1160 vice
748 1093 821 1159 in
889 1109 1153 1182 graves
1208 1106 1558 1159 aerumnas
1612 1091 2072 1159 incurrerent.
2172 1085 2366 1156 Dein

358 1191 430 1258 in
459 1187 788 1260 Vorsiam
842 1177 1145 1282 profecti
1197 1198 1381 1275 sunt,
1433 1189 1551 1260 ubi
1590 1187 1995 1280 multiplicia
2046 1185 2366 1279 pericula

361 1309 497 1360 eos
547 1289 950 1377 manebant3
1004 1292 1319 1381 primum,
1372 1290 1562 1383 quod
1619 1300 2079 1380 eotempore
2114 1286 2366 1358 hostes

361 1409 612 1459 eorum
685 1411 770 1462 se
851 1398 1404 1483 congregarent,
1502 1389 1819 1461 universi
1899 1387 2364 1474 VorsienseS,
2419 1457 2458 1468 ρ

357 1488 768 1582 complures
795 1488 1300 1582 Sognensium,
1332 1488 2007 1580 Hardangriensium
2042 1498 2115 1559 et
2132 1485 2363 1557 Sunn-

356 1588 869 1675 hordiensium,
922 1610 1082 1683 quae
1115 1589 1484 1661 multitudo
1516 1592 1853 1659 immensa
1883 1586 2029 1657 fuit.
2111 1586 2365 1656 Omnis

356 1689 516 1759 haec
578 1689 945 1760 multitudo
1014 1681 1207 1759 festo
1262 1686 1574 1759 Simonis
1627 1690 1784 1772 die,
1854 1708 2034 1778 rege
2085 1708 2364 1757 accum-

356 1788 575 1860 bente
645 1800 718 1861 et
784 1786 872 1860 ab
928 1788 1161 1883 epulis
1216 1788 1669 1881 profecturo,
1729 1786 2185 1858 Birkibeinos
2237 1789 2362 1856 im-

355 1890 749 1983 prudentes
777 1893 1046 1961 invasit.
1122 1886 1287 1980 Qua
1338 1910 1419 1959 re
1451 1893 1750 1960 animum
1783 1889 2115 1975 ¹adversa,
2166 1909 2361 1957 men-

356 1991 464 2061 sis
513 1989 750 2062 subito
804 1990 1111 2075 reli‘ctiS,
1168 2011 1356 2059 arma
1411 1990 1830 2088 induerunt,
1903 1999 1976 2060 et
2028 1988 2361 2060 commili-

355 2100 570 2161 tones
631 2112 808 2161 suos
879 2089 1461 2183 opperiebantur3
1542 2112 1776 2182 neque
1859 2092 2041 2158 enim
2110 2110 2361 2159 omnes

362 2191 619 2261 eodem
674 2189 980 2283 hospitio
1040 2209 1168 2283 per
1220 2192 1498 2261 noctem
1553 2194 1666 2260 usi
1716 2189 2011 2260 fuerant.
2087 2187 2362 2260 Postea

356 2306 538 2362 vero
594 2303 794 2384 quam
852 2292 1082 2360 omnis
1136 2294 1501 2360 exercitus
1550 2293 1618 2359 in
1650 2313 1862 2361 unum
1902 2302 2359 2376 convenerat,

354 2388 752 2460 Birkibeini
819 2400 894 2468 et
943 2389 1180 2462 coloni
1233 2393 1457 2460 aciem
1528 2393 2025 2462 instruxerunt.
2126 2387 2360 2459 Birki-

358 2491 588 2576 beini,
641 2493 779 2561 etsi
832 2505 1128 2561 numero
1184 2500 1437 2560 essent
1489 2489 1903 2574 inferiores,
1973 2497 2206 2558 tamen
2255 2493 2359 2558 ni-

354 2590 504 2664 hilo
573 2594 803 2661 minus
865 2593 1197 2684 impetum
1274 2589 1345 2659 in
1414 2588 1669 2661 hostes
1738 2589 1911 2660 dare
1964 2588 2359 2681 cupiebant,

354 2695 786 2786 primamque
838 2693 1377 2785 impressionem
1420 2700 1558 2762 tam
1610 2685 2108 2761 vehementem
2161 2689 2357 2761 fece-

355 2802 549 2879 runt,
626 2801 704 2863 ut
777 2791 1195 2862 colonorum
1277 2793 1495 2884 prima
1585 2792 1782 2863 acies
1859 2789 2358 2883 repelleretur.

352 2889 744 2984 Fugientes
814 2891 1051 2962 coloni
1131 2890 1380 2963 fauces
1447 2889 1880 2985 praeruptaS,
1966 2912 2097 2984 per
2180 2914 2359 2985 quas

353 2996 576 3063 amnis
630 2993 903 3086 quidam
954 2994 1137 3064 viam
1189 2991 1322 3062 sibi
1374 2991 1834 3077 moliebatur,
1901 2994 2357 3076 transierunt,

351 3092 536 3163 haud
592 3091 840 3185 procul
909 3109 1122 3186 supra
1178 3113 1312 3163 eos
1362 3092 1523 3162 aliis
1574 3092 1898 3163 faucibus
1943 3094 2100 3161 sitis
2151 3090 2358 3163 brevi

353 3195 687 3277 transitu,
759 3211 895 3285 qua
962 3192 1105 3264 tela
1175 3192 1381 3262 alteri
1432 3195 1502 3287 in
1554 3191 1825 3262 alteros
1877 3193 2355 3281 conjeceruuit.

350 3290 525 3363 Inde
611 3295 893 3385 utrique
973 3293 1347 3362 contrariis
1434 3294 1606 3384 ripis
1684 3292 1999 3361 adverso
2071 3290 2354 3360 flumine

350 3392 894 3478 contenderunt,
948 3390 1226 3462 colonis
1277 3391 1531 3462 hostes
1584 3414 1624 3462 a
1675 3389 2171 3484 superioribus
2215 3393 2351 3459 cir-

349 3495 761 3563 cumvenire
832 3501 907 3562 et
967 3490 1054 3560 ab
1108 3502 1355 3586 aperto
1411 3490 1637 3562 latere
1689 3486 1989 3583 aggredi
2040 3494 2351 3562 conanti·
2424 3513 2432 3520 ·

347 3591 504 3662 bus.
608 3590 761 3660 Sed
814 3612 957 3684 quo
1009 3589 1295 3683 longius
1346 3595 1416 3662 in
1442 3595 1820 3685 superiora
1864 3591 2350 3685 penetrabant,

347 3711 438 3762 eo
492 3689 787 3761 latiores
839 3690 1087 3762 fauces
1141 3695 1585 3777 exstiterunt,
1637 3691 2061 3785 tandemque
2115 3694 2184 3759 in
2235 3713 2351 3762 re-

344 3795 561 3884 gione
612 3792 970 3884 superiori
1022 3790 1180 3861 lacu
1253 3793 1557 3885 quodam
1627 3790 2173 3877 claudebantur,
2252 3802 2350 3879 ut,

344 3912 486 3986 quo
543 3892 802 3961 diutius
856 3894 1226 3983 progressi
1274 3891 1613 3976 fuissent,
1679 3912 1775 3961 eo
1831 3889 2115 3983 longius
2165 3894 2351 3961 inter

346 4012 478 4061 eos
547 3993 846 4086 spatium
907 3992 1407 4062 intercederet.
1509 3989 1792 4061 Interea
1841 4000 2052 4061 nocte
2106 3994 2346 4081 ingru-

344 4101 533 4177 ente,
584 4099 972 4190 prospectu
1022 4092 1207 4162 inter
1250 4112 1334 4162 se
1386 4090 1696 4177 ademto,
1747 4089 1928 4255 ηἱέἰὲ
1961 4110 2182 4181 agere
2220 4110 2345 4178 po-
