2950 4709
605 337 731 431 n
1044 367 1409 431 uns-roma
1463 365 1688 417 nnots
1741 365 2177 419 svennnms.
2403 363 2479 431 c,
2512 362 2613 432 16.

475 603 482 616 ·
606 563 853 626 ternas
876 551 1194 652 ‘offendit
1244 557 1494 647 copias
1529 562 1953 643 contractas,
2000 556 2075 625 in
2113 552 2393 627 duobus
2428 551 2613 627 locis

606 664 947 727 trecenos
999 673 1447 745 sexagenos,
1515 656 1777 726 inuno
1828 663 2221 727 sexcentos
2269 655 2613 728 homines,

606 753 789 826 Tum
839 775 996 842 rex,
1048 757 1275 847 copiis
1304 757 1376 824 in
1411 754 1591 826 duas
1623 765 1866 849 partes
1911 757 2182 843 divisis,
2232 758 2391 851 ipse
2442 778 2611 828 cen-

609 867 750 930 tum
794 859 1041 949 viginti
1090 853 1352 926 milites
1397 857 1704 941 retinnit,
1754 855 2025 936 alteros
2055 865 2336 928 centum
2365 858 2613 950 viginti

611 959 891 1030 domum
944 953 1209 1027 Ozuris
1258 954 1467 1027 Ballii
1494 954 1523 1003 ¹
1604 959 1815 1043 misit,
1863 957 1982 1028 uhi
2033 977 2182 1044 res,
2235 979 2396 1052 quae
2448 978 2612 1051 pre-

607 1062 779 1129 tium
845 1058 1097 1149 viginti
1153 1060 1307 1128 auri
1355 1057 1780 1129 selihmrum
1839 1057 2250 1153 aequabant,
2317 1057 2613 1152 praedati

606 1168 791 1231 sunt.
892 1154 1035 1249 Qui
1088 1157 1249 1228 dum
1302 1156 1636 1243 aberant,
1689 1178 1845 1244 rcX,
1896 1181 2054 1231 eum
2109 1162 2384 1229 interea
2436 1157 2611 1229 nihil

606 1278 831 1352 agere
880 1256 1144 1343 nollet,
1197 1279 1351 1330 cum
1401 1258 1679 1353 reliqua
1729 1267 1931 1353 parte
1981 1262 2341 1353 copiarum
2396 1279 2609 1331 exer-

607 1363 819 1432 citum
889 1367 1368 1430 trecentorum
1428 1362 1804 1451 sexaginta
1854 1359 2145 1431 militum
2196 1360 2457 1431 adoriri
2505 1362 2611 1430 in-

605 1462 847 1532 stituit,
949 1457 1117 1550 Quo
1167 1461 1549 1530 constituto
1569 1511 1591 1546 ,
1648 1481 1807 1531 cnm
1857 1457 2139 1556 utrique
2180 1469 2276 1531 ‘se
2324 1480 2458 1555 pro
2507 1460 2610 1531 fa-

607 1559 874 1632 cultate
924 1569 1484 1653 comparassent,
1534 1563 1723 1632 inter
1770 1581 1857 1633 se
1909 1570 2442 1633 concurrerunt.
2510 1559 2612 1631 Ut

607 1681 791 1734 vero
855 1659 1253 1732 Birkiheini
1300 1681 1494 1731 arma
1544 1661 1824 1733 sublata
1873 1662 2157 1735 vibrare
2216 1671 2609 1755 coeperunt,

506 1769 519 1774 ’
606 1760 846 1833 coloni
896 1772 1181 1834 terrore
1225 1758 1568 1854 perculsi,
1617 1763 2057 1857 prudentiori
2106 1764 2273 1835 inita
2314 1763 2609 1847 ratione,

605 1883 798 1934 arma
857 1865 1352 1957 projecerunt,
1419 1883 1669 1956 pacem
1734 1866 2126 1957 petierunt,
2192 1865 2611 1957 timorisque

603 1963 865 2034 indicia
931 1962 1417 2034 ostenderunt.
1531 1961 1737 2049 Rex,
1804 1966 2203 2058 superioris
2265 1964 2612 2057 temporis
2708 2029 2713 2033 .

606 2062 1126 2135 consvetudine
1193 2083 1410 2149 usuS,
1496 2062 1855 2136 omnibus·
1889 2063 2294 2158 petentibus
2359 2083 2611 2159 pacem

607 2165 989 2236 concessit.
1093 2162 1338 2235 Ceteri
1387 2184 1698 2264 qnoque,
1749 2167 1869 2259 qui
1918 2165 2009 2236 ad
2062 2167 2425 2236 exercitus
2451 2163 2610 2235 fue-

604 2275 797 2351 rant,
874 2283 1232 2338 successu
1294 2268 1656 2336 sociorum
1723 2268 2049 2357 cognito,
2132 2285 2380 2359 pacem
2449 2285 2609 2337 cum

603 2385 787 2459 rego
838 2361 1207 2455 fecerunt3
1258 2375 1552 2459 tumque
1601 2364 2114 2453 Hadalandum‚
2168 2365 2362 2439 nullo
2392 2380 2626 2459 supe·³

604 2470 871 2539 riorum
940 2477 1332 2562 temporum
1399 2466 1776 2562 exemplo,
1852 2466 2187 2562 stipulatu
2254 2465 2640 2560 obsequio·
2765 2479 2777 2526 ῑ

602 2569 677 2638 in
693 2567 903 2640 fidem
923 2578 1315 2662 acceptum,
1350 2578 1885 2663 convocataque
1915 2571 2264 2640 concione
2295 2586 2608 2639 conven-

502 2730 507 2734 .
602 2676 722 2739 tus
788 2668 1310 2763 pacificatorius
1360 2667 1448 2739 ab
1502 2689 1683 2762 rege
1734 2671 2059 2740 indictus.
2157 2666 2428 2738 Verum
2483 2686 2614 2737 co-

604 2765 750 2837 loni
801 2768 988 2840 hunc
1038 2778 1461 2866 conventum
1484 2822 1505 2855 ‚
1568 2771 1767 2863 pacis
1817 2770 2329 2864 componendae
2382 2770 2610 2860 gratia

602 2870 1016 2956 institutum,
1064 2868 1343 2940 insidiis
1396 2889 1649 2941 carere
1699 2889 1839 2941 non
1864 2872 2068 2964 'passi
2116 2880 2299 2941 sunt.
2402 2869 2609 2954 Nam,

603 2990 763 3040 cum
813 2988 1063 3062 regem
1118 2971 1381 3062 exigua
1431 2973 1758 3064 stipatum
1787 2992 1993 3042 manu
2021 2969 2394 3055 vidissent,
2447 2991 2609 3040 eum

600 3072 672 3139 in
741 3080 1096 3143 conventu
1162 3071 1463 3162 aggredi
1529 3073 1992 3159 instituerant.
2125 3069 2303 3143 Cum
2337 3079 2608 3141 antem

598 3167 703 3241 ilii
724 3223 747 3257 ,
799 3173 921 3266 qui
975 3180 1175 3245 erant
1223 3171 1313 3242 ad
1362 3170 1553 3268 hona
1605 3169 1872 3244 Ozuris
1922 3172 2316 3265 diripienda
2367 3169 2607 3264 profe·

600 3275 732 3361 cti,
785 3273 901 3344 die
953 3294 1096 3367 quo
1146 3270 1538 3346 haberetur
1584 3287 2023 3358 conventuS,
2078 3272 2335 3345 eodem
2388 3269 2608 3341 adve-

598 3374 915 3459 nissent,
992 3395 1128 3445 rex
1194 3376 1531 3466 majorem
1591 3394 1795 3468 quam
1848 3370 2086 3444 coloni
2136 3372 2429 3444 militum
2479 3393 2610 3443 nu·

597 3491 869 3543 merum
936 3471 1208 3560 hahuit3
1278 3473 1470 3544 unde
1539 3473 1794 3545 factum
1860 3482 1939 3544 ut
1985 3470 2158 3543 nihil
2213 3476 2611 3568 quicquam,

599 3592 823 3644 secus
892 3595 1094 3667 quam
1152 3569 1447 3667 juberet
1495 3595 1668 3659 rex,
1736 3573 1980 3645 facere
2031 3573 2415 3646 auderent:
2493 3571 2613 3645 hic

596 3691 775 3745 vero
839 3693 1284 3768 quaecunque
1352 3676 1491 3768 ipsi
1557 3673 1927 3769 placerent
1991 3676 2395 3768 imperavit,
2465 3671 2611 3744 illis

598 3775 829 3844 omnia
881 3772 969 3844 ab
1020 3795 1202 3867 rege
1253 3774 1611 3868 postulata
1663 3774 2154 3847 annuentibus.
2225 3771 2351 3845 Sic
2381 3772 2611 3846 verbo

596 3874 878 3968 quidem
934 3876 1119 3946 inter
1169 3891 1256 3947 se
1305 3875 1751 3948 reconciliati
1799 3887 2000 3964 sunt3
2053 3895 2180 3948 res
2222 3883 2457 3946 autem
2489 3873 2613 3944 de-

596 3973 920 4069 claravit,
962 3975 1035 4047 id
1088 3973 1280 4070 quod
1331 3986 1541 4060 antea
1593 3998 1732 4049 usu
1782 3987 2103 4062 venerat,
2159 3978 2434 4047 animos
2485 3993 2609 4045 co-

595 4073 923 4147 lonorum
987 4096 1130 4146 non
1190 4076 1515 4149 omnibus
1570 4076 1760 4149 dolisw
1811 4098 1984 4150 esse
2034 4097 2330 4149 vacuos·
2428 4074 2612 4147 Nam

666 4205 713 4274 ¹)
753 4205 838 4274 P,·
869 4207 1048 4273 ninii,
1082 4206 1164 4273 A‚·
1197 4206 1390 4280 nciam,
1430 4206 1509 4274 F‚·
1547 4207 1713 4279 Basti,
1753 4207 1819 4264 B.
