2950 4709
340 374 705 442 c,171-72,
787 379 1152 428 ιιιετοιιιΛ
1210 378 1434 427 nssms
1490 377 1928 426 svnnnmus.
2178 352 2379 443 m,

339 572 553 641 citum
605 571 677 638 in
728 565 1071 641 cobortes
1124 562 1613 636 obsidionales
1654 564 1915 651 divisit,
1968 584 2062 634 ex
2094 564 2356 660 quibus

341 667 844 762 speculatores
912 667 1003 736 ad
1072 669 1392 738 semitam
1460 664 1826 736 borealem
1882 686 1978 736 ex
2028 661 2357 737 Frodaso

342 770 754 854 ducentem,
818 766 1161 860 praesecto
1225 764 1452 837 Petro
1522 764 1923 859 Steypere,
1993 768 2358 839 constituti

340 878 541 941 sunt:
611 868 684 939 bi
754 867 957 938 aedes
1040 870 1110 936 in
1192 866 1514 937 inferiori
1597 864 1861 958 oppido
1928 875 2198 939 sumtas
2260 886 2357 937 eo

342 975 942 1062 transportarunt,
1014 970 1125 1037 cui
1177 965 1344 1037 loco
1396 964 1868 1037 Gestahakkii
1921 965 2359 1059 (speculato-

342 1090 497 1139 rum
564 1067 764 1161 clivi)
847 1087 1109 1137 nomen
1172 1066 1496 1138 adhaesit.
1607 1063 1777 1136 Rex
1860 1087 2115 1159 magno
2202 1087 2359 1139 cum

342 1168 636 1240 militum
691 1188 987 1239 numero
1037 1170 1110 1237 in
1162 1168 1426 1261 oppido
1478 1169 1877 1258 saepissime
1921 1166 2356 1262 quiescebat.

627 1266 803 1338 Rex
855 1264 1176 1338 Svermr
1235 1263 1731 1360 Tunsbmyum
1784 1264 2072 1339 obsidit.

545 1366 714 1438 172.
814 1366 981 1437 Rex
1033 1365 1349 1439 Sverrer
1409 1369 1653 1459 copias
1722 1390 1897 1439 suas
1948 1368 2037 1439 ad
2106 1387 2356 1461 rupem

342 1469 880 1560 oppugnandam
953 1466 1348 1559 disposuit,
1418 1469 1580 1557 ipse
1643 1467 1986 1537 vexillum
2055 1488 2263 1539 suum
2314 1490 2359 1539 a

341 1568 642 1637 meridie
695 1571 767 1636 in
817 1566 1067 1637 fauces
1117 1570 1316 1659 rupis
1367 1565 1613 1636 inferri
1655 1569 1896 1658 Jussit,
1947 1564 2355 1660 speculato·

341 1665 543 1739 ribus
626 1664 998 1738 castellum
1096 1665 1677 1759 septemtrionale
1764 1666 2355 1760 oppugnantibus.

339 1765 575 1859 Bagli,
630 1770 750 1862 qui
801 1767 1043 1858 copias
1095 1788 1268 1839 suas
1321 1768 1409 1838 ad
1448 1766 1940 1839 defensionem
1976 1768 2355 1861 disposue-

338 1876 534 1953 rant,
612 1888 788 1939 saxa
861 1875 936 1936 et
981 1866 1127 1937 tela
1179 1870 1251 1937 in
1301 1865 1765 1939 Birkiheinos
1816 1868 2146 1940 adversae
2199 1870 2355 1961 rupi

340 1966 739 2040 subeuntes
808 1968 1266 2059 ingerebant3
1347 1989 1587 2062 neque
1664 1979 1897 2040 tamen
1963 1989 2054 2039 eo
2124 1970 2355 2040 minus

343 2066 737 2139 Birkibeini
790 2069 878 2139 ad
929 2072 1158 2161 ipsum
1190 2068 1566 2141 castellum
1604 2069 2112 2155 succedebant,
2166 2069 2355 2139 adeo

336 2177 418 2239 ut
482 2172 764 2263 utrique
826 2178 1126 2262 punctas
1196 2172 1419 2262 gaesis
1487 2168 1608 2241 alii
1679 2170 1838 2242 aliis
1907 2169 2176 2240 inferre
2230 2190 2354 2242 co·

339 2278 695 2339 narentur.
786 2267 1000 2360 Bagli
1050 2273 1169 2362 qui
1222 2269 1594 2340 castellum
1645 2269 2003 2355 tenebant,
2052 2271 2352 2360 ingenti·

338 2365 479 2437 bus
530 2371 730 2439 saxis
783 2369 1085 2460 dejectis
1114 2367 1420 2462 clypeos
1469 2378 1544 2439 et
1594 2369 1926 2441 cassides
1958 2367 2353 2460 chalybeas

342 2477 837 2560 corruperunt,
890 2466 1491 2562 Birkibeinosque
1522 2468 1938 2539 vulneratos
1980 2470 2051 2537 in
2103 2468 2357 2539 fauces

338 2587 426 2638 se
481 2569 813 2661 recipere
868 2578 1284 2661 coegerunt.
1366 2567 1533 2660 Quo
1586 2568 1773 2639 facto
1811 2589 1943 2638 rex
1975 2566 2353 2656 intellexit,

340 2666 484 2739 loci
552 2678 865 2740 naturam
917 2672 1073 2741 suis
1126 2669 1312 2740 adeo
1367 2691 1539 2740 esse
1593 2672 1933 2762 iniquam,
2002 2678 2081 2740 ut
2130 2688 2353 2761 rupes

339 2772 413 2840 vi
468 2773 862 2861 expugnari
919 2791 1058 2839 non
1130 2778 1401 2863 posset.
1502 2768 1717 2862 Bagli
1787 2769 2030 2840 laetitia
2082 2771 2353 2861 gestie-

338 2867 509 2939 bant
578 2880 652 2939 et
707 2873 1058 2963 jactanter
1124 2868 1617 2963 loquebantur.
1730 2868 1934 2956 Rex,
2003 2892 2161 2941 cum
2225 2868 2352 2940 ali-

340 2979 672 3064 quantum
752 2972 1097 3063 temporis
1167 2973 1353 3040 circa
1421 2992 1671 3062 rupem
1740 2980 2055 3041 moratus
2126 2978 2352 3055 esset,

336 3090 894 3162 quoquoversus
930 3073 999 3141 in
1032 3090 1259 3161 pagos
1312 3070 1597 3154 dimisit,
1652 3072 1768 3163 qui
1804 3073 2161 3162 impensas
2196 3067 2350 3138 bel-

339 3167 519 3238 licas
590 3177 666 3237 et
731 3177 1196 3237 commeatum
1264 3177 1801 3259 supportarent3
1871 3189 2032 3261 quae
2097 3171 2351 3253 omnia,

342 3267 671 3362 quamdiu
721 3265 1119 3338 Birkibeini
1175 3265 1268 3338 oh
1306 3265 1610 3359 glaciem
1650 3267 1890 3339 classe
1922 3267 2353 3340 circumvehi

340 3376 692 3459 poterant,
745 3367 1084 3461 expedite
1135 3366 1862 3440 subministrabantur.
1932 3366 2099 3439 Rex
2128 3367 2351 3440 Sver-

335 3487 495 3552 rer,
564 3471 881 3560 graviter
929 3469 1212 3554 ferens,
1264 3469 1456 3563 quod
1513 3490 1675 3541 eum
1728 3490 1938 3540 nemo
1991 3469 2084 3540 de
2138 3490 2361 3563 appa-0

339 3574 497 3638 ratu
546 3565 809 3640 bellico
862 3569 1331 3641 obsessorum
1387 3571 1704 3642 edocere
1749 3583 2023 3663 posset,
2074 3570 2147 3639 id
2179 3591 2349 3640 con-

339 3666 484 3738 silii
537 3672 1008 3761 excogitavit,
1061 3679 1139 3741 ut
1188 3670 1407 3740 scalae
1459 3670 1881 3764 templorum
1939 3690 2030 3740 ex
2083 3669 2350 3763 oppido

336 3767 593 3839 adlatae
646 3779 721 3840 et
772 3771 957 3841 inter
1005 3792 1091 3841 se
1145 3769 1503 3862 colligatae
1566 3774 1742 3841 turri
1795 3770 1975 3841 aedis
2028 3767 2349 3840 Lauren-

336 3872 414 3940 tii
467 3891 509 3939 a
562 3879 762 3961 parte
818 3872 1194 3941 meridiana
1248 3869 1791 3963 adplicarentur.
1871 3869 2004 3940 His
2060 3869 2347 3940 militum

336 3969 596 4065 aliquis
646 3973 718 4040 in
767 3979 1029 4041 tectum
1084 3970 1172 4041 ab
1228 3991 1313 4040 ea
1366 3982 1590 4064 parte,
1643 3993 1802 4066 quae
1854 3991 1895 4040 a
1949 3990 2127 4065 rupe
2182 3989 2344 4042 ver-

339 4070 578 4161 gebat,
630 4071 1045 4158 adscendit,
1106 4069 1541 4165 globumque
1595 4094 1886 4145 summae
1939 4073 2155 4142 turris
2206 4090 2348 4140 ma-

338 4169 547 4242 nibus
613 4170 1040 4267 complexus
1092 4172 1363 4258 omnia,
1433 4194 1594 4267 quae
1647 4175 1717 4243 in
1767 4191 1947 4267 rupe
2000 4169 2351 4272 gereban-
