2950 4709
331 361 648 432 acu-48,
768 363 1134 415 msronm
1188 362 1410 413 neers
1480 363 1914 415 svnnnnms.
2237 341 2349 425 81

409 549 727 621 ·Mecum
783 557 1150 620 venustam
1194 551 1505 641 Jungere
1559 550 1980 621 destinatum
2036 557 2150 620 est

435 648 705 742 pulcris
757 647 1042 719 labellis
1091 644 1516 740 Ingunnam²
1566 648 2055 743 spectabilem,

436 768 930 842 quemcunque
982 748 1263 817 tandem
1315 769 1550 843 pugna
1602 769 1854 840 regum
1898 748 2296 835 illustrium,

432 849 684 939 Magni
734 870 821 919 ac
871 846 1271 933 Sverreris,
1327 851 1594 919 exitum
1645 856 1937 918 nactura
1987 851 2097 919 sit.

331 946 494 1018 Jam
547 956 1184 1040 operamffstrenue
1239 958 1534 1033 navate,
1585 946 1881 1035 milites3
1935 945 2146 1018 Deus
2194 967 2348 1018 rem

333 1056 647 1117 nostram
716 1047 1086 1139 respiciat!
1189 1046 1366 1117 Haec
1418 1049 1646 1117 oratio
1698 1067 2024 1137 magnum
2077 1047 2167 1117 ad
2219 1067 2347 1117 ex-

330 1144 723 1232 hortandos
789 1144 1252 1217 Birkibeinos
1318 1155 1745 1230 momentum
1818 1144 2096 1234 habuit,
2162 1167 2350 1217 nunc

334 1248 544 1331 enim,
594 1254 672 1316 ut
722 1254 966 1332 antea,
1018 1249 1217 1337 regis
1269 1246 1675 1340 prudentiae
1719 1254 1792 1316 et
1842 1244 2348 1317 adhortationi·

328 1344 508 1432 hus,
577 1349 877 1440 ejusque
931 1345 1024 1416 de
1085 1344 1491 1439 praeliorum
1547 1355 1811 1418 eventu
1863 1348 2349 1439 praesagitioni

330 1444 663 1515 fidebant

379 1541 739 1615 Prcelium
785 1544 983 1615 inter
1030 1562 1274 1662 reyes,
1326 1539 1757 1616 Sverrerem
1802 1551 1877 1614 et
1919 1538 2295 1638 Maqmcm.

531 1640 652 1713 48.
729 1641 915 1714 Post
964 1642 1123 1714 haec
1168 1645 1363 1715 acies
1405 1651 1871 1732 concurrunt3
1924 1664 2093 1713 mox
2144 1663 2345 1716 acer-

328 1747 577 1813 rimum
630 1742 948 1841 praelium
1002 1744 1300 1831 sactum3
1373 1764 1510 1813 nec
1577 1752 1783 1814 antea
1831 1764 2133 1836 unquam
2183 1740 2346 1813 Bir-

330 1841 598 1914 kibeini
646 1864 951 1935 pugnam
1004 1845 1214 1914 tantis
1268 1845 1495 1936 copiis
1540 1846 2075 1929 commiserant,
2128 1864 2344 1937 quau-

235 2035 238 2036 7
329 1964 535 2035 quam
587 1962 722 2011 rex
772 1943 1084 2034 Magnus
1134 1964 1431 2013 numero
1498 1942 1717 2035 longe
1789 1951 1943 2013 erat
1991 1945 2344 2035 superior.

328 2041 496 2131 Quo
564 2039 731 2111 loco
810 2042 1151 2113 vexillum
1233 2045 1430 2134 regis
1516 2041 1934 2129 Sverreris,
2020 2042 2346 2113 omnibus

326 2140 580 2214 aulicis
634 2149 707 2210 ct
756 2141 1334 2234 speculatoribus
1405 2145 1563 2234 ejus
1632 2142 2344 2229 circumsistentibus,

327 2239 880 2335 praeferebatur,
950 2262 1042 2313 eo
1095 2242 1301 2328 loco,
1366 2246 1523 2312 acie
1575 2242 1825 2335 Magni
1889 2245 2091 2334 regis
2140 2241 2344 2312 incli-

315 2348 560 2426 nante,
611 2342 873 2410 initium
928 2341 1128 2434 fugae.
1170 2342 1426 2412 factum
1482 2351 1631 2429 est3
1687 2362 1785 2412 ex
1836 2340 2063 2413 altera
2110 2351 2346 2412 autem

327 2449 553 2533 parte,
605 2461 744 2534 qua
793 2440 1134 2511 vexillum
1185 2445 1385 2532 regis
1431 2441 1682 2531 Magni
1734 2440 2196 2525 inferebatur,
2251 2461 2344 2510 eo

229 2574 235 2579 ·
326 2540 530 2626 loco,
603 2542 758 2609 acie
814 2538 1177 2633 Gudlaugi
1244 2539 1427 2610 aulae
1480 2542 1778 2611 ministri
1831 2550 1905 2611 et
1956 2540 2341 2633 oppidano-

327 2662 481 2710 rum
549 2640 897 2726 cedente,
970 2661 1197 2734 prope
1265 2640 1528 2711 factum
1592 2649 1739 2726 est,
1807 2648 1886 2710 ut
1949 2637 2342 2710 Birkiheiui

327 2740 695 2830 fugerent,
765 2760 850 2810 ac
912 2743 1044 2831 jam
1097 2739 1412 2811 nonnulli
1464 2743 1534 2811 in
1586 2740 1817 2834 pedes
1868 2760 1954 2811 se
2009 2742 2340 2831 conjece-

326 2847 499 2910 rant.
580 2836 731 2908 Sed
784 2859 920 2909 rex
949 2838 1285 2927 Sverrer,
1341 2862 1529 2935 equo
1576 2840 1919 2927 insidens,
1971 2839 2141 2931 suga
2171 2861 2340 2911 suo-

322 2961 479 3010 rum
531 2947 953 3032 conspecta,
1022 2942 1375 3011 concitato
1447 2961 1634 3034 equo
1689 2941 2040 3012 advectus
2093 2961 2345 3030 magna

318 3059 509 3110 voce
559 3038 1015 3111 exclamavit:
1068 3040 1236 3133 quid
1271 3039 1568 3131 sugitis?
1620 3042 1691 3108 in
1722 3039 2041 3132 praelium
2086 3039 2344 3125 redite,

321 3148 398 3210 et
466 3158 675 3231 quam
741 3138 1128 3211 fortissime
1198 3139 1544 3232 pugnate!
1614 3160 1850 3209 nonne
1918 3135 2345 3228 Heklungos

243 3319 260 3324 st
318 3237 413 3308 ad
464 3257 692 3307 naves
743 3238 1186 3331 refugientes
1238 3238 1554 3309 videtis?
1606 3259 1794 3307 nunc
1835 3246 2130 3307 strenue
2168 3256 2342 3328 ope-

320 3359 469 3408 ram
523 3346 820 3425 navate,
875 3348 949 3410 et
998 3337 1461 3431 fugientibus,
1516 3346 1595 3408 ut
1644 3339 1765 3431 qui
1816 3337 2345 3422 strenuissime,

322 3437 611 3507 instate!
716 3435 883 3528 Quo
952 3440 1191 3510 audito
1246 3440 1401 3524 sui,
1465 3458 1716 3529 regem
1788 3437 2208 3530 conspicati,
2275 3438 2346 3505 in

323 3535 641 3629 praelium
694 3538 939 3607 redire
992 3541 1146 3609 ausi
1200 3547 1382 3608 sunt.
1488 3535 1665 3609 Cum
1718 3558 1897 3609 vero
1965 3535 2176 3607 aulici
2226 3557 2344 3607 re-

324 3638 440 3728 gis
491 3634 873 3708 Sverreris
926 3640 1332 3709 universum
1381 3636 1605 3708 robur
1659 3639 2027 3708 exercitus
2059 3637 2343 3728 Magni-

325 3738 439 3806 ani
493 3744 698 3827 terga
748 3747 1041 3808 vertere
1094 3738 1473 3821 vidissent,
1531 3757 1621 3807 eo
1675 3757 1759 3807 se
1813 3746 2345 3822 converterunt,

326 3834 448 3905 ubi
503 3838 661 3927 eJus
713 3836 1059 3908 vexilluui
1113 3836 1791 3922 animadverterant,
1844 3834 2252 3930 ,hostesque
2303 3857 2348 3904 a

327 3944 538 4024 tergo
594 3934 826 4005 adorti
876 3947 1075 4024 sunt3
1142 3936 1261 4007 hic
1323 3956 1574 4025 magua
1631 3944 1916 4028 strages
1972 3943 2084 4004 est
2136 3934 2345 4004 edita.

403 4065 451 4130 ¹)
485 4066 796 4137 humanam,
840 4066 909 4130 G,
952 4064 1013 4122 F.

399 4166 521 4220 Vol.
562 4163 614 4218 8.
1873 4127 1933 4200 F
