2950 4709
593 310 713 401 74
1029 337 1399 388 msronu
1447 335 1675 386 mame
1728 336 2167 388 evannum&
2270 333 2606 401 fita-43,

596 521 863 615 lingum
907 520 1308 621 ⁴dynastam,
1360 531 1528 594 tunc
1578 524 1923 616 temporis
1973 529 2184 594 aetate
2224 521 2602 593 admodum

593 631 1033 717 provectum,
1082 624 1426 714 regisque
1452 621 1700 713 Magni
1754 632 1829 694 et
1878 643 2170 693 suorum
2208 642 2602 693 senescen-

595 732 739 795 tem
805 724 1294 793 auctoritatem
1365 724 1832 815 vigoremque
1886 730 2333 808 enervatum3
2387 721 2602 815 ‚quod

596 845 755 895 cum
808 822 1282 906 comedisset,
1350 841 1435 892 se
1505 841 1639 914 per
1687 842 1865 892 suos
1915 824 2279 894 maximam
2331 829 2602 914 partem
2686 875 2691 876 ν

593 922 1096 1016 praefectorum
1155 930 1229 992 et
1276 918 1668 992 aulicorum
1722 921 2158 1008 deleturum3
2211 943 2370 992 cum
2420 941 2603 992 vero

596 1031 810 1116 caput
856 1026 1187 1092 intactum
1246 1019 1698 1116 reliquisset,
1766 1042 2019 1114 regem
2066 1022 2412 1115 Magnum
2459 1018 2602 1094 sal-

594 1144 757 1194 vum
814 1133 1212 1195 evasurum.

1209 1219 1334 1293 De
1380 1240 1558 1314 reqe
1610 1217 1990 1292 Sverrere.

792 1318 914 1392 43.
992 1319 1334 1392 Posthaec
1385 1319 1795 1413 complures
1847 1341 1889 1390 e
1944 1322 2294 1391 communi
2329 1317 2603 1392 Thrau-

597 1422 875 1507 dorum,
926 1421 1183 1492 divitiis
1225 1417 1301 1492 et
1348 1422 1644 1512 generis
1693 1419 2059 1492 nobilitate
2109 1418 2459 1506 valentes,
2511 1421 2602 1492 ad

595 1541 847 1614 regem
916 1519 1345 1592 Sverrerem
1416 1519 1943 1606 confluxerunt,
2026 1519 2407 1614 multique,
2481 1523 2603 1613 qui

597 1624 787 1694 domi
832 1618 1313 1707 remanebant,
1364 1622 1729 1694 amicitiam
1760 1623 1921 1711 ejus
1951 1620 2091 1690 sibi
2119 1619 2601 1692 conciliarunt.

595 1721 775 1796 Tum
841 1743 1080 1792 rerum
1147 1742 1437 1792 suarum
1502 1723 1819 1791 rationes
1884 1719 2051 1791 fidei
2109 1718 2602 1791 Thrandorum

594 1826 668 1894 in
719 1823 956 1915 primis
1009 1822 1378 1906 commisit,
1427 1820 1618 1914 quod
1670 1818 1767 1905 hi,
1819 1828 1895 1891 ut
1946 1825 2041 1891 ‘ex
2073 1841 2292 1913 supra
2333 1841 2600 1890 memo·

595 1924 771 1994 ratis
824 1920 1069 2007 rehum,
1122 1921 1492 2011 dynastam
1526 1916 2046 2017 Thrandosque
2094 1920 2600 1990 intercedenti·
2679 1997 2691 2008 ,

514 2050 520 2053 >
594 2021 755 2107 buS,
807 2029 1122 2113 apparet,
1172 2017 1468 2111 Erlingo
1523 2020 1849 2110 dynastae
1901 2018 2253 2113 hujusque
2299 2021 2601 2113 imperio

593 2142 690 2216 80,
754 2140 1046 2212 semper
1112 2117 1443 2189 infideles
1494 2118 1964 2211 praebuerant.
2067 2120 2178 2191 Ex
2230 2142 2372 2213 quo
2423 2129 2601 2192 tem-

596 2242 776 2315 pore
808 2240 941 2289 rex
971 2217 1287 2291 Sverrer
1310 2215 1907 2289 'l'brandbeimum
1936 2219 2366 2296 domicilium
2394 2241 2603 2291 suum

595 2319 964 2414 appellare
1017 2322 1412 2405 consvevit,
1470 2322 1815 2414 ipsosque
1867 2317 2246 2391 Thrandos
2296 2323 2603 2391 omnium

595 2425 805 2513 regni
858 2419 1245 2492 incolarum
1299 2421 1713 2491 carissimos
1765 2418 1911 2515 sibi
1955 2420 2290 2506 reddidit,
2339 2424 2410 2491 in
2443 2440 2601 2492 ser-

593 2543 810 2594 mone
844 2542 982 2593 suo
1035 2520 1484 2616 frequentem
1534 2521 1960 2590 mentionem
1998 2520 2343 2606 inferens,
2395 2514 2603 2614 quam

590 2632 1039 2694 constantem
1105 2622 1471 2691 amicitiam
1541 2622 1701 2711 regi
1768 2618 2127 2710 Sigurdo·,
2193 2623 2374 2712 patri
2444 2641 2604 2705 suo,

595 2735 719 2794 aut
775 2723 935 2812 regi
1002 2719 1279 2790 Hakoni
1329 2718 1568 2804 fratri,
1633 2728 1754 2789 aut
1801 2719 2136 2810 Eysteini
2183 2717 2604 2791 Birkibeine

596 2819 910 2891 Tbrandi
960 2818 1482 2904 exhibuissent,
1530 2828 1928 2912 quantaque
1980 2818 2122 2890 fide
2167 2819 2301 2892 sub
2341 2819 2604 2891 eodem

593 2941 891 3014 semper
941 2922 1150 3011 signo
1205 2919 1656 2989 meruissent„
1736 2918 1904 2989 Rex
1934 2915 2250 2990 Sverrer
2289 2920 2602 3013 aliquan-

598 3031 745 3094 tum
810 3021 1164 3112 temporis
1228 3022 1298 3089 in
1371 3021 1693 3111 emporio
1765 3030 2287 3108 commoratus,
2355 3023 2603 3112 copias

599 3141 696 3194 ex
744 3130 899 3193 toto
950 3117 1479 3189 Thraudheimo
1535 3122 1885 3205 evocavit,
1934 3117 2202 3191 cibaria
2234 3131 2307 3192 et
2341 3118 2606 3191 milites

595 3225 994 3316 imperavit,
1047 3240 1419 3313 navesque
1474 3217 1891 3291 colonorum
1947 3240 1988 3288 e
2039 3223 2246 3312 pagis
2293 3223 2604 3293 adduxit.
2698 3233 2704 3238 '

599 3322 886 3414 Quibus
950 3321 1173 3393 rebus
1242 3322 1671 3412 comparatis
1748 3320 2119 3390 meridiem
2187 3341 2452 3393 versus
2513 3320 2606 3391 ad

599 3442 852 3512 regem
904 3421 1247 3511 Magnum
1297 3419 1817 3511 insequendum
1863 3418 2234 3512 profectus
2263 3430 2410 3509 est3
2462 3422 2607 3514 qui,

597 3543 760 3593 cum
811 3518 1096 3610 Bergas
1159 3520 1525 3602 venisset,
1578 3521 1722 3611 jam
1773 3527 1984 3589 antea
2048 3539 2210 3590 cum
2279 3519 2608 3592 omnibus

601 3623 758 3693 suis
808 3622 880 3689 iu
931 3617 1596 3711 partesorientales
1630 3629 2114 3690 concesserat.
2186 3619 2352 3691 Rex
2383 3620 2604 3692 Sver·

600 3741 748 3807 rer,
798 3740 957 3790 cum
1009 3717 1334 3789 omnibus
1384 3717 1856 3810 praefecturiS,
1909 3740 2086 3813 quas
2118 3741 2159 3789 a
2187 3719 2412 3792 borea
2440 3715 2606 3813 pro-

601 3820 937 3892 ficiscens
967 3817 1266 3903 obierat,
1312 3816 1700 3911 praefectos
1730 3818 2202 3913 praefecisset,
2231 3831 2608 3892 auctumno

549 3987 556 3992 .
603 3922 931 4014 proxime
996 3921 1402 4013 insequenti
1465 3921 1536 3988 in
1605 3922 1997 4016 emporium
2062 3941 2413 3994 reversus
2468 3928 2609 4007 est,

602 4020 842 4118 ibique
892 4019 1201 4092 hiemem
1246 4021 1612 4113 transegit.
