2950 4709
601 370 778 459 214
1030 391 1395 445 mercum
1451 393 1677 441 umus
1733 393 2169 443 svnnnnms.
2259 389 2335 454 c.
2362 385 2630 459 1232st

604 598 906 671 regnum
961 579 1120 671 ejus
1150 577 1236 649 ab
1270 579 1999 650 excommunicatione
2029 577 2402 651 liberasse.
2453 580 2629 653 Rex

602 677 1042 770 significavit,
1087 698 1173 749 se
1225 699 1357 771 pro
1411 686 1612 748 certo
1649 682 2113 770 comperisse,
2168 672 2626 752 cardinalem

606 789 681 848 ct
733 770 1133 848 Thorerem
1204 780 1616 872 ep1scopum
1687 798 1845 848 cum
1913 778 2201 871 collega
2266 801 2307 849 a
2373 801 2623 852 sacer-

608 879 779 948 dote
832 877 1136 972 quodam
1194 899 1416 949 coenae
1468 875 1845 963 adhibitos,
1900 898 2184 949 veneno
2237 884 2434 972 potui
2490 902 2623 953 eo-

604 1000 759 1048 rum
833 980 1125 1072 vesperi
1202 979 1509 1071 injecto,
1599 998 1851 1048 omnes
1922 996 2012 1048 eo
2081 977 2247 1050 loco
2318 991 2624 1051 mortem

550 1155 567 1166 ἱ
608 1076 902 1148 obiisse.

1251 1175 1483 1246 Initia
1534 1174 1962 1294 ‘Baylornm

810 1274 977 1346 129.
1075 1274 1325 1346 Vere
1347 1279 1668 1367 proxime
1728 1276 2132 1367 insequenti
2185 1274 2458 1346 Reidar
2527 1299 2623 1349 ex

603 1396 785 1468 rege
841 1377 1191 1470 quaesivit,
1244 1396 1455 1474 quem
1489 1378 1750 1446 exitum
1787 1374 2272 1446 demandatum
2312 1377 2449 1446 sibi
2490 1399 2621 1448 ne-

504 1497 513 1514 *
605 1478 875 1568 gotium
926 1475 1326 1546 habiturum
1382 1488 1604 1545 esset.
1709 1473 1842 1545 Cui
1888 1495 2054 1544 rex:
2111 1474 2279 1545 mihi
2333 1477 2619 1571 quidem

603 1596 730 1646 res
782 1576 874 1646 ad
924 1574 1194 1646 bellum
1247 1577 1592 1644 internum
1663 1583 1996 1667 spectare
2065 1574 2383 1647 videtur.
2461 1598 2619 1646 nam

607 1686 683 1746 et
734 1676 972 1760 audio,
1022 1674 1276 1745 Dauos
1328 1677 1692 1744 occasioni
1743 1676 2133 1760 imminere,
2185 1684 2264 1745 ut
2313 1673 2620 1748 infestos

603 1775 815 1847 nohis
866 1776 1324 1847 adversarios
1375 1774 1803 1859 submittant,
1866 1783 1940 1844 et
1987 1776 2170 1844 intra
2217 1777 2448 1868 ipsum
2498 1796 2617 1846 re-

607 1898 822 1967 gnum
877 1882 1289 1958 versantur,
1359 1873 1619 1967 quihus
1683 1872 1872 1944 haud
1934 1876 2111 1943 satis
2161 1874 2482 1961 credam,
2551 1880 2617 1947 si

606 1973 885 2068 quando
938 1972 1169 2064 aliqua
1220 1970 1434 2043 factio
1492 1975 1835 2060 extiterit3
1894 1994 2099 2065 quam
2153 1972 2247 2044 oh
2304 1994 2618 2063 causam,

604 2094 687 2143 re
755 2075 850 2143 ita
920 2080 1356 2163 comparata,
1441 2071 1703 2142 milites
1765 2093 1970 2142 meos
2036 2075 2357 2144 amittere
2424 2076 2617 2147 nolo.

603 2170 783 2242 Tum
849 2170 1122 2241 Reidar
1193 2190 1284 2240 ex
1354 2191 1536 2263 rege
1607 2174 1969 2264 quaesivit,
2044 2193 2132 2242 an
2197 2165 2617 2244 colonorum

598 2271 771 2348 filiis
833 2280 953 2342 aut
1005 2269 1555 2356 mercatoribus,
1603 2273 1670 2340 si
1721 2269 2077 2363 proficisci
2115 2270 2435 2359 vellent,
2487 2294 2616 2344 ve-

602 2375 788 2443 niam
842 2372 1132 2442 daturus
1190 2379 1428 2458 csset3
1482 2370 1671 2464 quod
1704 2391 1836 2440 rex
1866 2392 1951 2442 se
1987 2370 2333 2443 facturum
2368 2382 2614 2444 osten-

608 2474 726 2543 dit.
844 2470 1089 2566 Itaque
1156 2469 1467 2555 Reidar,
1535 2493 1742 2541 manu
1795 2484 2228 2564 comparata,
2292 2469 2618 2563 proxima

604 2581 857 2643 aestate
909 2590 1220 2663 peregre
1272 2569 1642 2663 profectus
1683 2569 2017 2641 Haloram
2069 2574 2415 2663 pervenit,
2469 2594 2615 2665 quo

602 2683 928 2764 tempore
986 2690 1077 2739 eo
1131 2668 1296 2738 loco
1351 2679 1705 2740 mercatus
1756 2679 1828 2740 et
1877 2670 2206 2740 nundinae
2251 2670 2614 2741 habeban-
2687 2758 2698 2764 q

602 2780 736 2840 tur.
839 2767 1118 2839 Eodem
1146 2766 1492 2837 Nicolaus
1546 2772 1954 2862 episcopuS,
2004 2792 2398 2865 magnaque
2451 2792 2612 2842 cum

602 2888 696 2939 eo
747 2865 1248 2958 Norvegorum
1300 2865 1698 2953 multitudo,
1753 2872 1825 2938 in
1875 2869 2118 2961 primis
2167 2869 2614 2957 Vikensium,

596 2969 949 3062 pervenit.
1050 2964 1400 3036 Nicolaus
1457 2967 1845 3059 episcopus
1894 2989 1977 3038 ac
2028 2971 2140 3039 sui
2174 2989 2265 3038 eo
2307 2987 2611 3060 puerum

604 3067 954 3162 quendam
1025 3066 1513 3152 deduxerant,
1583 3088 1792 3160 quem
1842 3065 2157 3159 lngium,
2225 3066 2441 3138 filium
2490 3090 2610 3138 re-

601 3169 715 3259 gis
768 3167 1018 3258 Magni
1081 3117 1513 3258 Erlingidae,
1578 3176 1960 3252 vocarunt,
2026 3188 2235 3261 quem
2304 3168 2611 3238 eundem

598 3265 994 3338 Birkibeini
1059 3264 1340 3337 Danum
1412 3286 1626 3353 esse,
1695 3269 2083 3358 vocarique
2150 3263 2610 3357 Thorgilsem

495 3449 502 3457 ,
598 3364 1156 3450 Thuvoskitum,
1211 3364 1654 3435 asserebant.
1759 3364 1837 3434 In
1887 3364 2096 3457 hujus
2147 3364 2288 3436 loci
2341 3364 2611 3457 lingula

598 3485 905 3535 arenosa
971 3463 1350 3533 factionem
1417 3465 1931 3550 instaurarunt,
2013 3467 2129 3536 cui
2199 3487 2451 3556 magna
2520 3486 2607 3536 se

598 3561 1028 3653 adJungebat
1081 3559 1437 3629 hominum
1489 3560 1901 3650 multitud03
1956 3565 2609 3657 eidem-agminise

598 3659 1186 3754 archiepiscopus
1235 3658 1527 3730 Eirikus
1578 3659 1990 3741 adsociavit.
2091 3663 2291 3734 Hanc
2346 3663 2608 3733 deinde

598 3761 977 3831 factionem
1046 3761 1631 3852 septemtrionem
1702 3757 1964 3832 versus
2030 3764 2104 3832 in
2168 3762 2609 3854 Norvegiam

602 3861 991 3948 duxerunt,
1063 3858 1161 3927 ihi
1215 3879 1499 3954 quoque
1549 3867 1693 3929 tum
1749 3869 1901 3932 erat
1952 3859 2350 3955 SigurduS,
2416 3861 2607 3933 filius

597 3958 875 4053 Erlingi
957 3912 1322 4050 dynastae,
1414 3958 1802 4053 multique
1838 3959 1959 4032 alii
2023 3965 2385 4058 principes
2452 3962 2607 4037 viri

599 4059 774 4138 Haec
826 4061 1038 4138 factio
1089 4055 1300 4150 Bagli
1351 4057 1722 4154 appellata.
