2950 4709
362 411 436 482 0.
466 414 571 481 28.
757 358 1165 468 ⁸maroam
1221 417 1445 469 nnms
1502 415 1939 494 svnnanmo.
2202 447 2207 453 .
2257 393 2369 481 51

362 601 721 674 hamarem
774 607 1148 694 congressi
1200 612 1395 691 sunt3
1450 599 1777 696 oppidani
1813 612 2114 698 quatuor
2146 621 2371 678 naves

366 726 462 774 ex
513 703 776 797 oppido
828 705 899 772 in
931 703 1245 796 praelium
1285 700 1707 790 educebant,
1755 705 2190 797 totidemque
2234 725 2374 775 rex

317 803 681 875 -Sverrer
746 801 1088 888 habebat,
1173 821 1468 897 quarum
1535 826 1676 875 una
1740 806 1983 896 viginti
2046 809 2373 876 transtris

368 914 526 975 erat
577 906 934 974 instructa.
1036 901 1171 974 Hic
1236 924 1405 975 acre
1468 924 1555 975 ac
1607 902 2002 975 vehemens
2053 904 2376 996 praelium

368 1014 640 1091 ortum3
709 1001 893 1074 iuter
942 1025 1248 1096 pugnam
1300 1004 1670 1076 commoda
1718 1011 2145 1097 tempestate
2196 1004 2376 1074 leui·

368 1125 515 1199 que
568 1103 903 1197 aquilone
952 1120 1206 1175 omnes
1256 1121 1481 1176 naves
1531 1097 1619 1175 ad
1655 1114 1916 1175 terram
1948 1126 2085 1175 una
2120 1104 2377 1176 delatae

370 1207 644 1276 sensim
695 1206 767 1273 iu
815 1204 1018 1275 vadis
1067 1203 1482 1277 haerebant.
1553 1201 1787 1295 Quum
1819 1222 1997 1277 vero
2042 1205 2379 1299 aliquam-

370 1300 500 1385 diu
563 1313 766 1374 esset
832 1314 1248 1396 pugnatum,
1313 1307 1520 1377 navis
1586 1306 2141 1398 archiepiscopi,
2221 1326 2381 1399 quae

374 1406 616 1476 serius
681 1401 942 1498 oppido
1025 1404 1381 1490 solverat,
1466 1409 1539 1475 in
1621 1427 1928 1498 pugnam
2005 1408 2383 1498 processit.

339 1502 542 1595 ,Qua
594 1525 675 1573 re
727 1503 1262 1592 animadversa,
1310 1501 1731 1591 Birkibeini,
1782 1515 1944 1576 ante
1997 1504 2211 1597 hujus
2260 1526 2383 1574 na-

370 1608 492 1675 vis
541 1603 915 1675 adventum
959 1607 1102 1695 jam
1154 1606 1585 1692 laborantes,
1638 1606 1729 1674 de
1782 1604 2004 1675 rebus
2052 1608 2207 1684 suis
2259 1605 2385 1675 de·

376 1724 683 1800 sperare
751 1714 1136 1797 coeperunt.
1237 1703 1402 1775 Rex
1452 1702 1768 1775 Sverrer
1834 1704 2149 1774 demisso
2217 1706 2385 1774 ami-

378 1803 550 1876 culo
582 1803 896 1874 caeruleo
927 1805 1215 1876 indutus
1247 1813 1436 1892 erat3
1489 1807 1555 1875 is
1606 1813 1875 1875 mature
1928 1806 2089 1876 navi
2134 1806 2386 1897 egres-

388 1925 626 1990 suruS,
679 1904 768 1974 ad
820 1925 1097 1996 proram
1150 1906 1557 1998 procedens
1608 1924 1766 1975 cum
1808 1904 2061 1977 malum
2092 1914 2387 1998 praeter-

380 2003 623 2090 iisset,
674 2026 814 2074 una
866 2024 908 2073 e
962 2004 1255 2091 tabuliS,
1310 2006 1560 2100 quibus
1611 2008 1814 2077 navis
1866 2015 2023 2076 erat
2070 2017 2387 2077 constra-

385 2115 482 2191 ta,
536 2104 939 2189 decidente,
989 2108 1060 2174 in
1087 2105 1638 2178 interscalmium
1671 2103 2015 2199 delapsus
2052 2117 2189 2192 est,
2239 2108 2391 2177 suis

384 2219 611 2298 super
680 2221 839 2275 eum
901 2205 1086 2275 adeo
1140 2205 1365 2277 dense
1417 2207 2036 2300 procurrentibus,
2103 2217 2183 2278 ut
2231 2226 2389 2278 sur-

388 2325 571 2396 gere
623 2306 988 2405 nequiret3
1043 2325 1201 2399 quae
1244 2326 1391 2392 res,
1443 2305 1965 2377 confertissima
1991 2306 2196 2377 turba
2225 2326 2391 2397 pro·

390 2414 670 2491 ruente,
723 2407 863 2474 iter
913 2408 1065 2496 ejus
1119 2406 1378 2477 diutius
1406 2405 1828 2476 retardabat.
1927 2405 2059 2475 Vir
2092 2406 2394 2499 quidam,

393 2508 676 2574 nomine
728 2502 1069 2597 HelgiuS,
1119 2508 1657 2598 cognominatus
1703 2503 2399 2597 Bygvambastnter

306 2660 321 2664 -
390 2607 831 2675 novissimos
878 2609 1249 2697 procurrit.
1332 2603 1569 2695 Quem
1616 2627 1768 2675 cum
1801 2623 1934 2675 rex
1967 2606 2395 2697 adspiceret,

394 2702 547 2790 ille,
599 2706 837 2796 agnito
888 2724 1105 2796 rege:
1168 2705 1456 2797 indigne
1509 2726 1755 2797 regem
1809 2716 2127 2777 nostrum
2181 2705 2396 2776 dese-

397 2806 652 2889 rimuS,
708 2804 950 2898 inquit.
1053 2800 1220 2894 Quo
1274 2804 1462 2877 dicto
1515 2826 1788 2898 regem,
1838 2805 2137 2876 humero
2190 2826 2397 2875 manu

396 2913 759 2997 prensam,
813 2924 906 2973 ex
953 2902 1428 2976 interscalmio
1480 2909 1680 2977 navis
1730 2905 2148 2978 sublevavit.
2216 2904 2398 2975 Tum

398 3021 590 3074 rexz.
641 3007 1267 3097 impraesentiarum
1339 3026 1555 3091 cave,
1635 3027 1727 3076 ne
1795 3010 2073 3098 regium
2138 3025 2399 3076 nomen

402 3104 589 3174 adeo
642 3112 913 3173 temere
956 3106 1209 3196 jactes.
1308 3104 1503 3175 Dein
1552 3110 1834 3199 utrique
1877 3110 1946 3176 in
1974 3115 2235 3175 terram
2265 3124 2403 3175 una

404 3213 911 3289 excurrerunt,
980 3225 1282 3298 cumque
1349 3208 1419 3273 in
1486 3204 1696 3276 litore
1766 3205 2290 3288 constitissent,
2360 3223 2404 3272 a

394 3302 628 3374 tribus
678 3304 1059 3396 oppidanis
1095 3307 1390 3397 impetiti
1439 3314 1622 3376 sunt.
1700 3303 2007 3395 Helgius
2053 3255 2403 3374 adversus

349 3449 362 3457 -
402 3424 540 3474 eos
589 3423 1025 3495 procurrens
1076 3425 1226 3474 rem
1281 3408 1600 3476 cominus
1650 3403 1969 3497 gerebat.
2070 3402 2275 3489 Rex,
2331 3406 2404 3471 in

394 3502 690 3573 arduam
749 3500 1087 3597 quandam
1150 3503 1324 3597 ripae
1376 3503 1816 3599 crepidinem
1869 3507 2031 3576 eniti
2085 3516 2405 3589 conatus,

400 3624 565 3673 cum
630 3602 792 3672 sere
857 3605 926 3671 in
997 3626 1340 3675 summum
1408 3607 1951 3724 adscendisset,
2032 3604 2404 3675 amiculum

404 3701 595 3795 pede
663 3705 968 3794 pressit,
1038 3713 1116 3774 ut
1182 3706 1496 3797 vestigio
1563 3705 1864 3778 fallente
1907 3708 1977 3774 in
2029 3725 2406 3776 arenosum

394 3800 575 3872 -litns
627 3800 1095 3873 relaberetur.
1197 3802 1333 3874 Hic
1383 3827 1569 3877 unus
1619 3824 1716 3875 ex
1754 3808 1866 3891 iis,
1917 3808 2035 3898 qui
2072 3803 2409 3896 Belgium

396 3913 570 3972 ante
625 3904 1195 3993 impugnaverat,
1256 3925 1506 3996 regem
1561 3904 1854 3977 adortus
1904 3902 2100 3976 ferro
2152 3925 2408 3998 percu<-

402 4010 562 4071 tere
617 4003 975 4092 cogitavit.
1074 4001 1246 4093 Quo
1296 4007 1454 4075 viso
1487 3999 1816 4097 Helgius‚
1871 3999 2100 4077 elusis
2129 4003 2411 4074 duobus

405 4099 830 4195 quibuscum
896 4122 1044 4172 rem
1100 4103 1401 4195 gerebat
1450 4105 1922 4191 adversariis,
1997 4106 2087 4175 ad
2137 4122 2411 4190 regem,

394 4221 620 4294 quem
673 4200 1115 4326 laborantem
1148 4215 1656 4347 conspexerat,
1704 4225 1792 4275 se
1825 4206 2127 4293 recepit,
2179 4202 2413 4290 eique,

1846 4298 1994 4368 D2
