2950 4709
632 349 804 444 114
1064 373 1430 427 mareau
1483 371 1710 423 neers
1761 342 2201 425 ermenre-
2243 371 2317 438 c,
2335 366 2643 438 102403.

631 565 883 636 evasit.
952 559 1185 653 Quem
1221 582 1376 633 cum
1408 556 1749 653 Kuflungi
1798 562 2372 654 insequerentur,
2425 583 2657 655 gram.

631 664 724 738 de
774 679 1023 735 saxum
1092 661 1186 733 de
1254 663 1431 733 turri
1483 664 1555 731 in
1624 669 1835 754 caput
1883 663 2092 732 unius
2146 683 2395 733 eorum
2447 662 2635 733 {orte

630 762 957 848 decidit,.
1007 770 1085 832 ut
1148 757 1510 854 extemplo
1579 770 1872 832 mortem
1945 771 2340 853 oppeteret.
2454 760 2635 833 Tum

624 884 832 936 sacra
885 862 1168 955 effigies
1218 859 1514 953 (Christi
1564 864 1635 931 in
1679 881 1898 933 cruce
1953 862 2357 955 pendentis)
2414 863 2632 934 suda-

624 962 782 1050 bat,
849 963 1148 1035 humore
1217 965 1288 1031 in
1354 983 1545 1032 nram
1614 960 2043 1032 destillante.
2165 960 2400 1033 Askel
2470 985 2630 1034 cum

623 1066 779 1138 suis
830 1062 1123 1134 occlusa
1172 1064 1349 1134 turri
1403 1062 1523 1133 diu
1577 1083 1668 1133 eo
1723 1060 1889 1134 loco
1942 1061 2389 1133 obsidionem
2442 1061 2627 1135 tole-1

623 1172 889 1249 rarunt,
945 1163 1181 1233 donec
1228 1160 1317 1233 ab
1370 1162 1742 1255 oppidanis
1778 1163 2077 1255 pecunia
2112 1163 2415 1233 redemti
2444 1173 2628 1235 sunt.

621 1255 997 1355 Kussungi,
1064 1284 1223 1332 cum
1276 1257 1395 1331 diu
1447 1264 1518 1331 iu
1570 1261 1833 1353 oppido
1888 1267 2298 1333 commorati
2353 1274 2628 1350 essent,

623 1366 969 1436 orientem
1059 1382 1318 1433 versus
1404 1364 1475 1431 in
1565 1361 1816 1433 Vikam
1907 1383 1993 1433 se
2081 1372 2625 1451 converterunt3

620 1483 925 1558 cumque
978 1484 1301 1553 magnum
1355 1464 1714 1556 copiarum
1767 1479 2132 1534 numerum
2186 1466 2624 1554 coegissent,

618 1565 921 1657 aggredi
962 1561 1418 1634 Birkiheiuos
1448 1571 1833 1654 coeperunt.
1936 1561 2100 1633 Rex
2132 1560 2446 1635 Sverrer
2490 1562 2622 1635 Uis

617 1686 780 1740 vam
843 1661 1475 1750 Lauvnesensem‚
1541 1661 1801 1735 Ulvum
1853 1658 2150 1754 Flyum,
2216 1662 2623 1735 flavardum

620 1763 942 1857 dynastae
992 1763 1232 1850 filium,
1283 1757 1721 1835 Thorolvum
1753 1756 2180 1856 Rympilem,
2231 1763 2623 1858 pluresque

616 1867 1075 1940 centuriones
1124 1867 1510 1958 provinciis
1536 1862 1977 1934 Vikensibus
2029 1864 2309 1935 tuendis
2360 1864 2620 1956 praese-

616 1973 835 2036 cerat.
936 1964 1067 2049 Hi,
1118 1997 1121 2004 ·
1136 1973 1342 2057 prout
1383 1967 1698 2035 ,occasio
1763 1962 2081 2050 serebat,
2147 1966 2480 2056 impetum
2545 1967 2619 2035 in

614 2053 869 2135 hostes
937 2063 1302 2149 fecerunt,
1370 2063 1506 2135 sed
1572 2083 1782 2156 opes.
1821 2062 2336 2156 Kussungorum
2391 2073 2618 2136 tanto·-

613 2184 793 2258 pere
846 2162 1292 2250 crescebant,
1349 2174 1426 2235 ut
1474 2160 1869 2235 Birkibeini
1921 2184 1964 2233 e
2015 2162 2200 2235 Vika
2249 2167 2322 2234 in
2371 2175 2616 2257 partes

610 2263 1235 2357 septemtrionales
1268 2263 1761 2359 profugerent,
1810 2272 2076 2357 praeter
2101 2262 2360 2336 Ulvum
2380 2260 2615 2337 Lauv-

610 2383 1036 2452 nesensem,
1104 2367 1225 2459 qui
1293 2387 1451 2436 cum
1515 2363 1814 2438 cohorte
1866 2385 1998 2436 sua
2050 2362 2379 2437 hostibus
2430 2368 2614 2438 resi·

609 2473 813 2538 utens
863 2486 949 2539 se
999 2465 1471 2557 aufugiturum
1523 2468 1828 2556 negavit.

1127 2564 1251 2638 De
1299 2563 1539 2637 turbis
1586 2563 2093 2662 Beryensz'um.

813 2661 979 2734 103.
1054 2666 1252 2737 Vere
1305 2670 1629 2757 proxime
1683 2668 2086 2759 insequenti
2136 2673 2299 2757 post
2345 2663 2608 2736 festum

607 2761 966 2855 paschatis
1033 2782 1168 2836 rex
1231 2762 1547 2838 Sverrer
1615 2787 1657 2837 e
1724 2763 2248 2836 Thrandheimo
2334 2768 2612 2857 inagnis

608 2884 765 2933 eum
832 2866 1061 2956 copiis
1126 2864 1534 2957 profectus,
1605 2870 1796 2948 circa
1861 2877 2141 2959 tempus
2210 2864 2608 2957 vigiliarum

603 2958 891 3054 Bergas
940 2967 1304 3056 pervenit3
1353 2986 1497 3060 quo
1548 2975 1872 3060 tempore
1924 2987 2221 3058 magnus
2255 2974 2604 3037 mercato-

602 3064 862 3135 riarum
915 3067 1192 3137 navium
1247 3086 1585 3137 numerus
1641 3088 1734 3137 ex
1785 3065 2112 3137 omnibus
2164 3064 2323 3136 fere
2362 3068 2603 3158 regio-

603 3162 811 3236 nibus
874 3167 946 3235 in
1025 3167 1356 3260 oppidum
1428 3166 1833 3238 advenerat.
1937 3164 2277 3237 Germani
2344 3174 2601 3237 tantam

602 3266 748 3337 vini
820 3269 1091 3360 copiam
1155 3261 1412 3339 eodem
1465 3267 1940 3352 advexerant,
2003 3275 2096 3365 -ut
2166 3286 2309 3336 non
2374 3264 2604 3358 pluris

604 3366 882 3451 vinum,
934 3390 1137 3460 quam
1193 3369 1591 3452 cerevisia,
1656 3376 2035 3438 constare-t.
2136 3366 2419 3436 Accidit
2469 3363 2602 3437 ali«.

522 3553 523 3556 Ἴ
601 3464 905 3556 quando,
954 3487 1111 3536 cum
1166 3464 1419 3550 incolae
1469 3470 1702 3537 vinum
1754 3475 2103 3559 potarent,
2152 3463 2426 3559 utplus
2455 3466 2600 3535 vini

602 3582 846 3640 emere
898 3562 1192 3648 vellent,
1242 3567 1552 3636 vinarius
1602 3576 1835 3638 autem
1866 3565 2382 3638 Germanorum
2421 3586 2597 3637 ven·

602 3659 779 3735 dere
832 3660 1074 3734 nollet.
1176 3661 1302 3736 Sic
1368 3669 1862 3738 controversia
1929 3667 2019 3739 de
2071 3670 2281 3738 unico
2334 3675 2599 3737 tantum

596 3764 915 3842 sextario
965 3765 1107 3836 vini
1161 3766 1559 3852 existente,
1621 3786 1713 3837 eo
1767 3788 1997 3860 usque
2049 3769 2234 3838 inter
2284 3787 2371 3837 se
2423 3786 2596 3837 con·

596 3861 1020 3950 tendebant,
1105 3864 1336 3937 donec
1417 3864 1746 3959 Norvegi
1813 3869 2148 3958 aggressi
2229 3865 2592 3938 tabernam

598 3961 984 4054 effringere
1035 3964 1385 4057 parabant.
1464 3964 1804 4040 Germani
1853 3970 2044 4039 intus
2096 3969 2452 4038 constituti
2504 3985 2591 4037 se

597 4059 1115 4149 defendebant,
1181 4085 1500 4159 eosque,
1565 4070 1687 4159 qui
1755 4075 1956 4137 extra
2023 4077 2261 4151 erant,
2330 4065 2594 4158 gladiis

593 4160 953 4254 petebant,
1003 4163 1442 4261 vulneraque
1494 4164 1926 4280 infligebant.
2002 4165 2227 4259 Cujus
2267 4167 2377 4238 rei
2403 4165 2591 4236 fama
