2950 4709
575 362 757 451 212
1016 387 1384 440 merome
1437 385 1664 435 neers
1716 385 2156 436 svennssms.
2229 381 2303 447 c,
2329 375 2595 446 12527,

580 593 786 669 qnam
837 574 1087 656 merui,
1138 567 1307 642 mihi
1336 573 1682 663 ignoscat.
1780 569 2022 665 Atque
2065 591 2315 662 surge,
2368 571 2600 643 domi-

578 694 674 744 ne
725 672 1051 765 dynasta,
1102 669 1248 741 Dei
1275 690 1577 764 meaque
1630 690 1808 763 pace
1858 680 2078 757 tutus,
2128 676 2328 764 pacis
2358 682 2598 744 autem

578 776 768 844 inter
814 792 953 843 nos
1001 771 1475 856 conditiones,
1528 793 1687 841 cum
1738 773 1963 862 magis
1995 774 2378 858 vacaverit,
2425 793 2597 863 pro-

579 870 936 944 nuntiabo.
1036 870 1207 941 Rex
1235 869 1552 942 Sverrer
1596 891 1847 942 omnes
1896 873 2097 964 pacis
2123 870 2602 958 conditiones,

580 994 762 1066 quas
823 968 1143 1041 Haraldo
1196 971 1522 1063 dynastae
1569 974 2047 1064 praescripsit‚
2123 969 2352 1041 literis
2402 992 2593 1041 man-

584 1072 857 1143 dandas
884 1074 1191 1158 curavit3
1244 1072 1475 1141 omnia
1526 1091 1816 1165 quoqne
1853 1067 2120 1163 praedia
2175 1080 2248 1141 et
2297 1091 2596 1163 posses-

580 1175 901 1257 sioneS,.
941 1190 1102 1263 quae
1167 1172 1240 1239 in
1309 1167 1719 1240 orcadibus
1788 1180 1863 1241 et
1930 1169 2351 1263 Hjaltlandia
2435 1174 2598 1241 sitae

583 1292 834 1343 eorum
914 1265 1229 1353 fuerant,
1310 1272 1431 1363 qui
1506 1272 1577 1337 in
1651 1263 2093 1361 Floruvogis
2158 1266 2599 1355 ceciderant,

582 1374 927 1465 regisque
979 1367 1160 1438 fisco
1229 1378 1432 1439 erant
1491 1368 1834 1454 addictae,
1905 1372 1979 1439 in
2038 1369 2276 1440 album
2334 1368 2599 1440 referri

572 1472 809 1565 jussit.
908 1466 1098 1539 Tres
1150 1467 1427 1539 hiemes
1481 1471 1879 1553 constituit,
1945 1472 2126 1538 intra
2179 1467 2357 1563 quas
2408 1491 2595 1539 mor-

579 1580 865 1642 tuorum
915 1572 1199 1660 cognati
1252 1569 1519 1662 praedia
1589 1571 1916 1662 pecuniis
1978 1569 2451 1656 redimerent3
2529 1570 2600 1639 si

583 1670 907 1741 redemta
956 1689 1098 1739 non
1148 1668 1452 1739 fuissent
1505 1689 1596 1738 eo
1648 1671 1991 1760 temporis
2040 1672 2312 1762 spatio,
2363 1672 2600 1740 omnia

581 1772 794 1861 regio
845 1767 1026 1839 fisco
1077 1770 1149 1836 in
1201 1777 1622 1861 perpetuum
1676 1767 2040 1838 cederent.
2156 1767 2325 1839 Rex
2370 1766 2597 1839 Sver-

579 1889 708 1938 rer
754 1877 971 1940 totam
1023 1866 1516 1958 Hjaltlandiam
1569 1867 1710 1937 sihi
1762 1867 2194 1938 tributariam
2248 1877 2322 1938 et
2369 1872 2598 1940 vecti·-

583 1966 820 2059 galem
887 1966 1226 2056 subjecit3
1302 1966 1682 2037 Har-aldum
1754 1966 2120 2058 dynastam
2186 1965 2599 2039 Orcadihus

580 2065 914 2160 praefecit
964 2085 1051 2136 ea
1105 2064 1312 2155 lege,
1378 2076 1458 2137 ut
1510 2086 1647 2135 rex
1700 2067 2057 2138 dimidium
2110 2070 2598 2160 cujuscunque

581 2168 906 2265 pecuniae
958 2163 1342 2235 multatitiae
1392 2163 1717 2250 haberet,
1766 2165 2296 2261 praefectosque
2350 2170 2435 2237 iis
2487 2166 2598 2237 lo-

581 2268 693 2335 cis
742 2267 1233 2336 constitueret.
1343 2263 1704 2337 Haraldus
1771 2266 2189 2359 digrediens
2252 2271 2325 2337 in
2394 2270 2600 2359 regis

581 2365 806 2437 verba
851 2367 1137 2457 juravit.
1252 2385 1273 2404 ·

841 2464 1293 2561 Colloquium
1326 2462 1718 2537 Sverreris
1766 2487 1929 2536 cum
1970 2467 2352 2560 episcopie.

786 2564 955 2636 126.
1054 2565 1245 2636 Dein
1309 2588 1446 2637 rex
1514 2564 1827 2637 Sverrer
1895 2568 2286 2658 episcopos
2352 2567 2593 2658 digre-
2679 2555 2697 2655 J

585 2666 868 2736 dientes
917 2667 1014 2735 ita
1064 2663 1418 2736 allocutus
1471 2674 1623 2736 est:
1706 2685 1877 2750 vos,
1932 2664 2382 2737 excellentes
2432 2670 2594 2752 viri,

582 2783 842 2835 moneo
894 2763 1310 2855 hortorque,
1361 2774 1442 2835 ut
1492 2785 1769 2850 munuS,
1821 2766 1936 2835 cui
1977 2787 2019 2835 a
2047 2764 2214 2835 Deo
2267 2766 2597 2858 praefecti

585 2865 808 2948 estis,
857 2863 1252 2957 prudenter
1301 2863 1593 2950 colatis,
1658 2885 1950 2957 semper
2000 2885 2404 2951 memores,
2450 2887 2596 2936 non

580 2972 900 3038 vestrum
953 2983 1127 3032 esse
1176 2966 1664 3054 patrimonium
1694 2974 1815 3035 aut
1854 2962 2349 3050 hereditatem,
2399 2969 2597 3050 item,

580 3062 925 3136 Eirikum·
955 3059 1263 3149 caecum'‚
1333 3067 1397 3135 si
1449 3085 1585 3135 vos
1637 3085 1680 3136 e
1732 3085 1963 3155 regno
2017 3066 2279 3156 ejiciat,
2346 3086 2592 3157 parum

578 3161 749 3235 honi
816 3162 1026 3236 vohis
1094 3165 1407 3235 vicissim
1479 3164 1839 3250 daturum,
1910 3184 2067 3234 eam
2138 3168 2439 3235 maxime
2495 3162 2591 3235 oh

582 3285 892 3352 causam,
946 3263 1137 3358 quod
1192 3264 1327 3335 sihi
1378 3268 1540 3359 ipse
1595 3286 1736 3336 non
1785 3273 2064 3358 potest3
2117 3283 2355 3360 neque
2405 3266 2593 3334 enim

580 3363 747 3456 plns
798 3386 1005 3457 quam
1056 3384 1312 3436 novem
1364 3373 1490 3434 aut
1539 3365 1791 3435 decem
1844 3364 2199 3435 satellites
2243 3387 2430 3436 nunc
2468 3362 2593 3434 ha-

579 3461 728 3547 bet,
778 3484 967 3555 quos
1017 3482 1268 3534 omnes
1319 3463 1554 3534 alieno
1607 3473 1842 3537 sumtu
1877 3463 2015 3534 alit.
2098 3459 2180 3534 Si
2214 3484 2392 3535 vero
2430 3462 2595 3534 mihi

581 3565 935 3648 societate
986 3563 1342 3652 conjuncti
1399 3562 1863 3650 adhaereatis,
1914 3573 2234 3636 nostrum
2286 3567 2595 3635 omnium

580 3681 822 3732 causae
874 3669 1214 3753 patronus
1266 3681 1414 3734 ero.
1533 3662 1645 3735 Illi
1699 3663 2007 3735 libenter
2056 3662 2356 3757 polliciti
2405 3673 2594 3751 sunt,

579 3781 667 3833 se
718 3779 970 3853 regem
1024 3763 1276 3851 ejusve
1328 3785 1615 3838 causam
1666 3785 1809 3835 non
1862 3764 2306 3836 deserturos.

1174 3861 1300 3932 De
1350 3861 1684 3939 Reidare
1731 3863 1992 3961 leyato.

784 3959 952 4033 127.
1052 3958 1324 4034 Reidar
1382 3987 1643 4038 nomen
1703 3976 1857 4036 erat
1905 3968 2060 4036 viro
2114 3984 2157 4035 e
2207 3962 2395 4034 vika
2446 3966 2589 4035 ori-

579 4060 811 4149 undo,
879 4064 999 4157 qui
1052 4061 1175 4132 diu
1242 4085 1560 4158 peregre
1624 4064 1951 4140 abfuerat
2016 4063 2373 4158 multaque
2426 4061 2594 4136 loca

581 4161 873 4234 obierat.
987 4161 1063 4235 Is
1129 4164 1382 4235 eadem
1450 4175 1705 4238 aestate
1756 4167 1829 4236 in
1877 4165 2318 4257 Norvegiam
2368 4167 2589 4252 venit,
