2950 4709
618 348 797 437 ms
1047 368 1413 422 mswonu
1466 343 1705 418 ιιιιιιιι·
1748 366 2190 418 emanante.
2387 358 2459 427 c,
2494 357 2661 427 153.

625 549 716 628 se
788 551 975 625 domi
1045 555 1136 624 ·in
1217 553 1493 647 praedio
1566 573 1704 623 suo
1772 550 2166 623 clanculum
2234 556 2657 642 confinem,

623 657 940 731 nuntium
1005 655 1077 723 in
1137 653 1470 747 oppidum
1525 655 1711 722 misit
1762 653 1850 722 ad
1905 650 2315 724 Gunnarem
2369 653 2649 746 Grjon-

623 752 906 839 hakum,
958 761 1035 824 ut
1084 773 1331 846 pacem
1382 752 1523 823 sihi
1572 750 1661 823 ab
1714 772 1927 844 rege
1947 755 2374 845 impetraret.
2479 753 2647 824 Ali-

626 854 906 949 quando
958 851 1255 924 Gunnar
1301 872 1552 971 regem
1602 850 1993 923 allocutus.
2057 851 2473 945 praeclarum
2523 857 2648 925 vi·-

623 975 805 1038 rum,
861 952 1169 1039 domine,
1220 955 1600 1038 amisimus,
1649 953 1889 1045 inquit,
1940 947 2439 1024 Thorsteinem
2475 951 2643 1024 Ku-

626 1053 922 1145 gadum,
975 1055 1095 1146 qui
1143 1052 1332 1145 apud
1382 1049 1659 1144 Baglos
1710 1059 2077 1137 versatur,
2138 1074 2349 1146 quem
2403 1051 2645 1122 libeu-

624 1161 740 1224 ter
789 1155 863 1222 in
911 1160 1197 1223 nostras
1245 1161 1488 1245 partes
1539 1171 1794 1222 rursus
1848 1149 2250 1244 perducere
2289 1154 2640 1245 cupimus·

628 1249 764 1322 Cui
814 1270 984 1322 rex:
1053 1271 1196 1342 ego
1262 1271 1439 1321 vero
1504 1248 2010 1321 Thorsteinem
2081 1273 2267 1323 nunc
2335 1249 2639 1323 oblitum

627 1371 801 1423 esse
852 1349 1192 1435 arbitror,
1240 1370 1327 1421 se
1376 1349 1587 1422 nobis
1640 1348 1997 1446 subditum
2051 1360 2126 1421 et
2174 1354 2466 1423 amicum
2515 1350 2638 1422 fu-

624 1452 816 1538 isse3
883 1472 1092 1544 quam
1154 1448 1247 1520 oh
1313 1471 1463 1520 rem
1526 1471 1772 1543 parum
1822 1453 1893 1520 in
1945 1470 2037 1521 eo
2072 1451 2318 1538 ⁸damni
2371 1453 2640 1523 sactum

627 1570 799 1622 esse
843 1551 1110 1643 Judico.
1195 1547 1390 1620 Tum
1435 1550 1764 1622 Gunnar:
1821 1547 2126 1635 domine,
2176 1554 2421 1645 inquit,
2471 1553 2641 1622 scio

624 1659 700 1722 te
729 1649 1279 1722 incolumitatem
1310 1648 1723 1720 Thorsteini
1763 1670 2305 1737 concessurum,
2348 1651 2415 1722 si
2467 1670 2639 1721 eum

625 1771 668 1822 a
695 1747 949 1842 Baglis
1002 1748 1374 1820 retrahere
1430 1752 1805 1843 possimus.
1882 1748 2018 1820 Hic
2046 1770 2204 1837 rex,
2253 1752 2639 1822 adridens:

626 1850 820 1944 quid,
872 1849 1205 1936 Gunnar‚
1256 1851 1327 1919 in
1377 1859 1592 1921 tuane
1620 1915 1628 1919 ι
1635 1851 1779 1941 jam
1831 1858 2189 1942 potestate
2239 1848 2637 1921 Thorstein

624 1950 1000 2021 versatur?
1067 1971 1108 2019 a
1163 1970 1292 2019 me
1351 1950 1634 2042 quidem
1688 1969 1939 2041 pacem
1988 1949 2425 2043 impetrabit,
2489 1952 2634 2022 sed

624 2050 876 2118 nescio
944 2069 1083 2143 qua
1142 2047 1423 2119 fortuna
1488 2070 1755 2120 usurus
1820 2052 1949 2135 sit,
2029 2052 2095 2119 si
2162 2047 2631 2122 Birkibeinos

624 2145 805 2219 soris
884 2152 955 2216 in
1034 2146 1290 2241 plateis
1374 2146 1632 2219 obvios
1699 2100 2045 2220 hahue'rit.
2159 2148 2393 2221 Paulo
2460 2161 2636 2244 post

626 2245 924 2318 Gunnar
987 2250 1298 2318 nuntium
1366 2249 1457 2319 ad
1520 2245 2022 2319 Thorsteinem
2101 2239 2334 2336 misit,
2409 2260 2491 2321 ut
2551 2253 2633 2319 in

624 2346 958 2441 oppidum
1026 2349 1324 2419 veniret.
1436 2346 1606 2440 Quo
1672 2352 1999 2440 cognito,
2076 2346 2464 2420 Thorstein
2533 2370 2632 2420 eo

624 2469 832 2541 quam
899 2447 1385 2520 occultissime
1454 2447 1826 2542 profectus
1897 2458 2028 2519 est.
2125 2446 2313 2520 Post
2367 2449 2630 2521 eodem

626 2548 743 2619 die
814 2547 1111 2619 Gnnnar
1175 2570 1260 2620 ac
1324 2546 1715 2629 Thorstein
1779 2568 2062 2640 regem,
2110 2551 2200 2646 'in
2269 2559 2630 2621 conventu

624 2649 931 2740 quodam
997 2648 1185 2720 forte
1240 2652 1731 2734 constitutum,
1796 2648 2141 2720 adierunt.
2237 2646 2633 2720 Thorstcin

625 2748 1014 2819 demissum
1066 2746 1330 2840 pileum
1357 2751 1614 2840 -capite
1667 2747 2006 2840 gerebat,
2073 2758 2153 2819 ut
2216 2771 2358 2818 non
2427 2752 2629 2842 prius

621 2855 1184 2939 agnosceretur,
1251 2868 1456 2940 quam
1525 2846 1615 2916 ad
1682 2869 1932 2939 regem
1995 2850 2469 2937 accessisset3
2537 2852 2633 2934 is,

621 2944 926 3020 amiculo
976 2942 1280 3038 abjecto,
1330 2948 1402 3016 in
1430 2948 1920 3040 pavimentum,
1970 2959 2293 3042 tanquam
2323 2970 2630 3041 percus-

620 3068 773 3133 sus
826 3066 911 3117 se
963 3050 1383 3140 prostravit,
1454 3055 1528 3117 et
1591 3047 1852 3139 pedem
1920 3050 2122 3140 regis
2190 3048 2626 3141 prehensum

620 3146 988 3221 osculatus
1019 3147 1154 3233 est,
1209 3147 1493 3222 dicens:
1545 3144 1828 3218 beatum
1878 3169 2017 3235 mc,
2070 3148 2377 3234 domine,
2429 3157 2627 3242 puto,

617 3252 873 3343 inquit,
927 3248 1045 3342 qui
1095 3257 1230 3319 tam
1285 3269 1511 3342 prope
1565 3260 1639 3318 te
1689 3251 1890 3335 veni,
1952 3256 2032 3319 ut
2082 3270 2292 3319 manu
2343 3257 2418 3319 te
2473 3251 2652 3318 tan--

617 3370 798 3441 gere
864 3351 1178 3442 possim,
1258 3349 1600 3440 quodque
1675 3347 1767 3418 de
1849 3346 2171 3419 manibus
2253 3351 2625 3443 impiorum

615 3445 1007 3540 Baglorum
1061 3446 1354 3539 elapsus
1406 3466 1587 3533 sum,
1637 3450 1756 3539 qui
1799 3451 2156 3519 exsecrati
2189 3458 2377 3534 sunt,
2429 3447 2624 3541 quod
2733 3459 2741 3465 ·

618 3556 695 3617 et
759 3544 1088 3638 profecto
1152 3555 1603 3631 meruerunt,
1671 3566 1827 3618 cum
1894 3547 2037 3618 sint
2094 3547 2480 3641 praedones
2550 3556 2628 3618 et

615 3644 955 3732 malefici3
1008 3642 1183 3714 nulli
1235 3652 1470 3714 autem
1503 3648 1860 3738 principes
1889 3656 1993 3733 te,'
2042 3647 2348 3734 domine,
2396 3650 2624 3718 virum

616 3749 975 3840 optimum,
1025 3743 1194 3815 odio
1244 3741 1514 3817 habere
1566 3741 1848 3817 volunt:
1903 3769 2060 3817 nam
2094 3757 2171 3818 tu
2221 3765 2358 3817 rex
2410 3768 2622 3818 coro-

615 3855 825 3917 natus
856 3865 964 3931 eS‚
1015 3865 1224 3938 quem
1264 3866 1538 3932 omneS,
1589 3848 1655 3917 si
1706 3855 1911 3917 recte
1961 3846 2239 3933 faciant,
2288 3850 2626 3919 venerari

615 3945 944 4018 dehent.
983 3942 1142 4014 Jam
1196 3967 1334 4032 me,
1388 3945 1692 4032 domine,
1744 3949 2105 4051 recipiaS‚
2127 3967 2266 4018 nec
2314 3969 2622 4041 unquam

615 4039 754 4117 ahs
795 4055 870 4115 te
923 4043 1243 4116 dimittas.
1342 4043 1655 4130 NescIo,
1720 4067 1863 4139 quo
1923 4055 2131 4138 pacto
2198 4027 2437 4126 malus
2478 4049 2623 4117 iste

614 4141 844 4217 falsus
895 4147 1285 4240 episcopus
1349 4165 1465 4216 me
1519 4152 1658 4216 tam
1710 4143 2009 4216 delirum
2063 4153 2138 4215 et
2186 4154 2624 4219 occaecatum

1449 4430 1489 4445 Q
