2950 4709
359 388 436 457 c.
461 389 567 462 3ο,
795 393 1164 444 nrsroma
1216 391 1442 443 neeis
1495 388 1935 442 svnnunms.
2255 365 2374 452 65

358 576 638 650 aedibus
655 583 687 664 ,'
752 580 827 647 in
876 577 1134 672 quibus
1184 587 1604 651 nocturnum
1654 576 2036 671 hospitium
2089 595 2367 647 sumse-

358 687 485 749 rat.
586 678 937 769 Dynasta,
987 680 1298 750 adventu
1350 678 1657 749 bostium
1712 680 2026 769 cognito,
2079 697 2121 747 e
2175 675 2365 748 lecto

357 780 697 863 surrexit,
749 788 1001 849 vestes
1050 780 1297 864 induit,
1348 794 1529 849 suos
1582 799 1772 849 arma
1823 792 2090 869 capere·
2128 773 2366 867 jussit.

354 874 531 946 Tum
587 877 747 948 lvar
798 877 1093 949 Hortius
1162 881 1599 972 propinquus
1669 881 1826 970 ejus
1894 877 2145 946 adiens
2206 897 2368 947 eum

242 1053 250 1059 ,
353 979 461 1047 sic
511 975 865 1048 allocutus
920 992 1069 1047 est:
1143 976 1404 1048 milites
1465 980 1694 1047 nostri
1759 980 1831 1046 in
1881 976 2208 1069 oppidum
2262 977 2366 1046 di·-

357 1074 537 1170 lapsi
573 1089 760 1160 sunt,
813 1098 1112 1170 quorum
1152 1076 1565 1171 complures
1599 1099 1799 1148 mero
1821 1080 2118 1147 ‘saucios
2148 1079 2368 1169 quieti

352 1196 440 1246 se
492 1177 876 1248 tradidisse
933 1197 1126 1262 reor,
1176 1187 1252 1249 ut
1302 1180 1532 1269 copiae
1583 1180 1653 1246 in'
1685 1199 1897 1248 unum
1933 1174 2119 1246 haud
2157 1175 2367 1247 facile

353 1279 520 1367 cogi
571 1294 794 1369 posse
862 1275 1271 1365 videantur3
1339 1298 1547 1371 quam
1616 1276 1710 1347 ob
1778 1297 1932 1347 rem
1984 1278 2368 1360 universos

349 1375 614 1446 milites
679 1374 992 1447 classico
1064 1377 1154 1447 ad
1205 1397 1431 1448 naves
1484 1376 1937 1463 evocandos,
1985 1383 2366 1469 ‘navesque

349 1495 393 1544 a
446 1474 784 1568 pontibus
832 1473 1260 1569 ,evehendus
1311 1496 1608 1563 censeo,
1658 1485 1742 1548 ut
1796 1497 1933 1547 nos
1983 1498 2118 1570 per
2147 1479 2366 1546 otium
2471 1526 2476 1530 -

354 1589 793 1667 comparare,
849 1586 944 1662 et,
997 1580 1062 1647 si
1120 1599 1163 1647 e
1215 1579 1491 1648 ratione
1549 1596 1722 1647 esse
1774 1576 2125 1661 videatur,
2178 1597 2361 1668 prae-

349 1674 448 1746 lio
484 1675 887 1762 decertare,
938 1680 1051 1747 sin
1078 1680 1330 1762 minuS,
1386 1696 1479 1746 ex
1516 1678 1699 1745 amni
1728 1675 2049 1747 secundo
2080 1676 2366 1782 {lumine

347 1778 706 1866 remigare
780 1780 1180 1870 possimus3
1265 1796 1500 1871 neque
1588 1779 1774 1846 enim
1859 1775 2365 1869 oppidanorum

349 1875 619 1945 auxilio
689 1875 1044 1947 fidendum
1126 1896 1296 1947 esse
1365 1875 1687 1964 arbitror.
1821 1874 1962 1962 Cui
2025 1875 2363 1969 dynasta:

348 1972 538 2046 haud
593 1976 922 2068 equidem
960 1979 1168 2063 scio,
1232 1975 1427 2062 lvar,
1491 1967 1587 2046 'an
1653 1974 1813 2047 haec
1879 1979 2134 2068 optima
2186 1979 2363 2048 ratio

349 2079 483 2162 sit3
553 2075 690 2145 sed
758 2075 958 2146 nullo
1028 2076 1241 2147 modo
1311 2069 1826 2170 pati⁸possum,
1909 2074 2363 2164 Sverrerem,

351 2173 774 2246 diabolicum
821 2179 1031 2246 istum
1083 2177 1578 2263 sacerdotem,
1638 2179 1708 2245 in
1758 2174 1993 2247 locum
2045 2175 2172 2246 filii
2222 2181 2362 2248 mei

346 2274 771 2347 succedere.
872 2274 1055 2347 Tum
1107 2280 1418 2347 surrexit
1468 2276 1791 2368 dynasta,
1845 2276 2182 2369 editoque
2217 2276 2361 2347 cla-

346 2395 548 2445 more
602 2396 851 2446 omnes
919 2397 1006 2447 se
1074 2378 1282 2469 sequi
1326 2379 1563 2467 jussit.
1669 2376 1858 2446 Dein
1908 2378 2222 2446 universi
2273 2377 2363 2447 ad

348 2474 580 2544 aedem
634 2472 897 2546 Christi
949 2478 1489 2560 successerunt,
1542 2498 1681 2569 quo
1713 2475 1800 2545 ad
1845 2496 2005 2544 eum
2034 2479 2365 2569 pervenit

348 2595 482 2644 rex
530 2575 845 2666 Magnus
896 2598 1055 2646 cum
1106 2596 1242 2646 suo
1296 2567 1569 2662 vexillo
1623 2584 1699 2645 et
1731 2572 2056 2660 cohorte,
2109 2573 2361 2663 Sigur-

351 2672 486 2744 dus
535 2672 817 2753 Nicolai
854 2674 1065 2761 filius,
1114 2674 1944 2767 JonRandabergensis,
1993 2671 2153 2745 lvar
2177 2672 2361 2745 Hor-
2476 2689 2479 2694 ’
2601 2675 2608 2679 ’

345 2776 525 2860 tius;
577 2772 692 2845 hic
741 2775 1153 2868 complures
1205 2777 1275 2845 in
1323 2797 1560 2867 genua
1592 2773 2148 2869 procumbentes
2192 2775 2361 2847 Deo
2407 2775 2412 2780 ’

345 2874 845 2965 supplicarunt.
945 2874 1133 2946 Mox
1184 2875 1487 2967 dynasta
1545 2898 1592 2947 a
1655 2874 1922 2969 templo
1977 2875 2364 2947 discedens

346 2994 528 3044 suos
557 2976 654 3045 ita
689 2973 1108 3068 alloquitur:
1161 2978 1457 3066 surgite,
1503 2996 1836 3070 armaque
1861 2979 2153 3063 sumite;
2204 2974 2363 3045 fieri

345 3082 609 3166 potest,
659 3084 738 3144 ut
781 3073 1202 3168 quibusdam
1254 3073 1396 3164 hoc
1446 3074 1612 3147 loco
1648 3075 2063 3168 propediem
2116 3077 2398 3164 jacere·

344 3172 581 3243 liceat.
706 3172 1046 3266 Erlingus
1126 3175 1427 3266 dynasta
1505 3174 1796 3244 rubrum
1864 3172 2234 3244 amiculum
2317 3194 2404 3260 e,

346 3273 702 3365 gossypio
756 3283 830 3344 et
880 3272 1238 3346 cucullum
1281 3272 1779 3366 bombycinum
1818 3273 2138 3364 gerebat,
2191 3271 2359 3343 lori-

345 3393 642 3465 camque-
710 3385 1180 3467 squamatam,
1261 3396 1465 3469 quam
1535 3395 1677 3444 non
1758 3374 2043 3467 penitus
2123 3372 2359 3445 fibulis

344 3475 917 3567 praestrinxerat,
970 3475 1159 3544 idem
1213 3475 1471 3545 nudum
1528 3474 1835 3566 gladium
1884 3495 2087 3543 manu
2119 3484 2359 3565 gesta-

343 3570 487 3656 bat,
537 3592 748 3665 quem
801 3577 872 3643 in
922 3571 1226 3645 sublime
1279 3573 1581 3645 librans:
1650 3574 1868 3644 hodie
1919 3572 2207 3661 faciam,
2255 3578 2357 3644 in-

346 3673 527 3765 quit,
595 3680 674 3742 ut
738 3672 1017 3745 huncce
1086 3669 1332 3744 senem
1387 3674 1627 3766 gladio
1683 3674 1936 3745 dextre
1986 3676 2094 3743 uti
2136 3696 2358 3768 posse

343 3769 790 3864 praedicetis3
842 3795 1150 3868 moxque
1205 3774 1296 3843 ad
1350 3775 1704 3845 tubicines
1755 3795 2195 3860 conversuS,
2246 3783 2357 3845 tu-

341 3869 474 3940 bas
542 3892 749 3963 quam
816 3874 1252 3945 creberrime
1317 3874 1544 3944 inflari
1600 3877 1837 3966 jussit
1966 3873 2111 3944 Ubi
2175 3894 2356 3946 vero

342 3972 591 4050 turrim
642 3973 1031 4064 praeterlati
1086 3983 1308 4059 erant,
1366 3973 1690 4065 dynasta,
1743 3970 1999 4046 oculos
2048 3983 2356 4067 utroque

342 4089 638 4162 versum
677 4074 1230 4168 circumferens:
1281 4072 1423 4158 ubi⁴
1452 4079 1639 4169 nunc
1688 4075 2009 4147 universi
2058 4073 2355 4144 sumus?

345 4171 586 4261 inquit.
1388 4243 1397 4250 ,
1503 4243 1511 4253 ,
1681 4241 1700 4257 ,

425 4293 538 4348 vol.
578 4293 631 4347 8.
1887 4266 1952 4338 Ε
