2950 4709
388 329 465 394 c.
495 292 715 392 3940.
838 328 1206 378 maroam
1253 329 1478 379 nrt-:tus
1533 329 1970 382 susumus.
2286 303 2401 391 71

764 509 920 584 'De'
970 509 1251 607 Mayno
1301 520 1377 584 et
1420 509 1990 608 archiepisoepo.

592 608 712 680 39.
813 610 984 682 Rex
1031 612 1347 703 Magnus
1400 635 1558 683 cum
1612 611 1968 699 militibus,
2021 609 2278 706 quibus
2327 613 2400 681 in

386 708 639 806 praello
694 709 975 782 fortuna
1025 722 1470 805 pepercerat,
1524 713 1890 783 meridiem
1924 733 2183 783 versus
2214 708 2398 781 Ber-

389 831 524 900 gas
563 810 931 902 profectus
970 822 1099 882 est.
1172 811 1306 883 Hie
1335 811 1950 906 archiepiscopum
1979 812 2402 902 Eysteinem

387 907 836 1015 Ormumque
900 914 1099 1003 regis
1168 910 1454 983 fratrem
1510 914 1876 998 convenit,
1944 909 2201 1006 quibus
2254 932 2400 997 res,

390 1030 552 1103 quae
622 1019 853 1100 gestae
908 1019 1143 1095 erant,
1214 1015 1566 1082 nuntiavit.
1668 1010 1848 1084 Tum
1914 1031 2196 1106 quoque
2246 1013 2401 1082 suis

393 1118 467 1179 et
517 1109 885 1201 oppidanis
936 1111 1027 1180 ad
1080 1114 1498 1181 concionem
1527 1114 1827 1198 voeatis,
1879 1121 2206 1204 quantum
2243 1108 2397 1181 vul-

390 1230 528 1279 nus
578 1213 1025 1302 accepisset,
1054 1208 1629 1297 demonstravit,
1682 1221 1756 1282 ct
1804 1210 2010 1283 simul
2064 1209 2402 1281 auxilium

393 1328 642 1386 eorum
694 1308 1109 1401 imploravit.
1196 1310 1330 1389 Cui
1381 1315 1581 1402 regis
1614 1313 1915 1381 orationi
1947 1307 2414 1403 respondens

387 1406 1001 1502 archiepiscopus,
1053 1430 1302 1482 omnes
1354 1420 1693 1482 strenuos
1744 1413 1943 1482 viros
1972 1412 2060 1482 ad
2100 1430 2398 1501 regnum

394 1509 552 1598 ejus
604 1507 1178 1595 confirmandum,
1228 1513 1602 1603 ipsumque
1647 1513 1717 1579 in
1753 1509 2138 1580 obtinendo
2168 1529 2398 1600 regno

395 1616 470 1677 et
518 1610 718 1698 regia
750 1608 1085 1699 dignitate
1125 1609 1596 1701 adjuvandum
1627 1618 1914 1702 paratos
1953 1629 2125 1679 esse
2156 1618 2398 1679 osten-

395 1707 531 1777 dit:
584 1729 741 1777 nam
793 1705 1239 1800 congressus
1287 1707 1414 1780 ille
1463 1730 1626 1780 eum
1683 1729 1888 1802 quem
1933 1708 2130 1779 multi
2161 1717 2399 1800 optas·

386 1817 555 1878 sent
605 1811 895 1894 exitum,
952 1808 1258 1893 domine,
1310 1807 1592 1896 Imbuit,
1644 1818 1723 1879 ut
1772 1818 1871 1894 tu,
1923 1811 2045 1902 qui
2092 1810 2218 1879 toti
2272 1830 2399 1900 po-

389 1906 561 2000 pulo
617 1928 701 1977 es
752 1911 1316 2001 acceptissimuS‚
1367 1908 1742 1980 incolumis
1793 1908 2119 1980 redieris.
2195 1907 2401 1995 Nam,

394 2011 532 2078 etsi
581 2006 922 2099 Erlingus
975 2008 1273 2100 dynasta
1323 2011 1672 2102 sapientia
1728 2020 1801 2080 et
1850 2011 2163 2102 potentia
2203 2008 2400 2079 vale·
2438 2039 2445 2044 ·

391 2107 533 2194 bat,
584 2117 818 2178 tamen
872 2129 957 2179 ea
1007 2107 1137 2179 fuit
1185 2108 1479 2195 ferocia,
1531 2120 1608 2181 ut
1658 2110 1897 2181 multis
1931 2130 2128 2201 aegre
2160 2107 2398 2179 feren-

393 2208 532 2279 dus
561 2207 949 2279 videretur.
1025 2207 1261 2281 Nemo
1290 2218 1520 2280 autem
1553 2210 1934 2295 recusabit,
1967 2212 2133 2302 quin
2166 2211 2402 2280 omnia

392 2311 561 2380 vitae
613 2301 933 2400 pericula
986 2330 1117 2401 pro
1171 2308 1404 2380 salute
1454 2319 1575 2380 tua
1627 2310 1867 2395 adeat,
1917 2318 1995 2379 ut
2043 2317 2229 2382 tuam
2283 2329 2400 2378 re-

307 2442 318 2453 ·
397 2411 580 2499 giam
633 2410 1119 2481 auctoritatem
1176 2418 1249 2479 et
1299 2427 1600 2500 regnum
1652 2428 2087 2501 recuperare
2138 2411 2399 2502 possis,

393 2506 660 2600 Insigni
744 2511 1195 2601 praesentium
1281 2507 1626 2601 applausu
1694 2517 1997 2600 excepta
2065 2516 2179 2577 est
2241 2506 2402 2577 haec

393 2611 664 2693 oratio,
732 2629 1127 2700 omnesque
1194 2629 1367 2679 sese
1420 2607 1632 2679 malle
1685 2630 1841 2679 cum
1897 2615 2076 2699 rege
2126 2606 2401 2698 Magno

393 2709 696 2793 cadere,
749 2729 956 2800 quam
1009 2711 1166 2798 regi
1218 2707 1554 2779 Sverreri
1607 2729 1895 2802 operam
1951 2708 2161 2794 dare,
2228 2729 2398 2778 con-

393 2807 869 2886 firmaverunt.
950 2806 1231 2897 Quibus
1280 2812 1457 2880 actis
1512 2830 1645 2879 rex
1676 2809 1990 2901 Magnus
2040 2830 2197 2879 cum
2249 2809 2402 2879 suis

393 2911 744 2979 orientem
797 2928 1062 2978 versus
1114 2911 1185 2977 in
1234 2907 1483 2980 Vikam
1535 2908 1905 3002 profectus
1960 2908 2110 2996 est,
2160 2907 2399 3002 ibique

394 3006 703 3078 hiemem
780 3011 1167 3099 transegit,
1252 3029 1580 3101 maguum
1661 3008 1954 3080 militum
2027 3029 2402 3080 numerum
2456 3034 2471 3043 ·

396 3106 945 3202 compluresque
997 3129 1346 3201 proceres
1389 3129 1643 3182 secum
1694 3108 2001 3195 habens3
2054 3107 2125 3178 bi
2173 3109 2399 3199 copiis

393 3206 686 3278 multum
740 3208 1073 3302 valebant
1124 3216 1197 3280 et
1246 3211 1318 3278 in
1368 3206 1566 3280 bello
1617 3206 2022 3301 adparando
2073 3203 2398 3277 navibus-

395 3328 536 3405 que
589 3306 1025 3379 aedificandis
1075 3310 1402 3401 occupati
1458 3317 1675 3378 erant.

689 3407 815 3481 De
860 3431 1039 3504 reye
1091 3405 1453 3480 Sverrere
1504 3416 1579 3479 et
1627 3402 2105 3481 Birkibeinis.

595 3506 718 3578 40.
818 3508 950 3579 His
1002 3508 1327 3581 omuibus
1377 3508 1599 3579 rebus
1651 3511 1904 3601 gestiS,
1958 3529 2137 3601 quas
2186 3528 2403 3601 supra

397 3611 1128 3695 commemoravimus,
1178 3616 1536 3703 prostrato
1570 3609 1870 3700 Erlingo
1926 3608 2247 3700 dynasta,
2298 3606 2400 3680 fa-

397 3716 655 3802 ctoque
707 3732 853 3804 quo
906 3710 1169 3780 cecidit
1196 3707 1471 3802 praelio,
1522 3712 1908 3780 auctoritas
1949 3712 2149 3801 regis
2178 3706 2401 3778 Sver-
2481 3777 2485 3781 .

348 3811 587 3885 ‚reris
653 3817 1028 3902 tantopere
1105 3812 1371 3896 crevit,
1436 3818 1517 3880 ut
1566 3829 1815 3894 nemo,
1882 3828 2062 3899 rege
2128 3808 2443 3900 Magnos

396 3909 696 4000 suisque
751 3912 1102 4002 exceptiS‚
1152 3918 1298 3980 tota
1325 3909 1695 4000 Norvegia
1726 3911 2186 3993 inveniretur,
2239 3911 2407 4001 quin

402 4026 565 4076 eum
632 4029 885 4100 regem
952 4007 1368 4102 appellaret.
1467 4007 1791 4103 Cumque
1860 4008 1952 4080 ad
1999 4007 2073 4077 id
2123 4016 2405 4097 tempus

401 4106 995 4182 contumeliosum
1048 4111 1597 4196 existimaretur,
1650 4107 1885 4181 sicubi
1932 4125 2285 4200 proceres
2335 4106 2406 4171 in
