2950 4709
1141 380 1551 433 rnonocns.
2289 357 2351 444 8

339 584 480 660 que
515 566 721 638 amici
752 561 1240 638 sublevabant.
1339 565 1436 638 Et
1465 585 1751 660 qnoque
1785 548 2173 642 cecidisset
2196 587 2344 655 ree,

337 676 416 737 ut
463 664 844 736 multorum
897 665 1134 757 opinio
1185 664 1488 752 ferebat,
1535 668 1678 740 ‘nisi
1710 685 1870 737 eum
1917 669 2073 760 ipse
2109 665 2343 755 DeuS,

337 765 679 837 coelorum
731 784 902 850 reX‚
966 765 1238 837 viribus
1289 785 1602 859 augere,
1662 774 1737 836 et
1786 768 1876 837 ad
1928 767 2069 838 hoc
2120 767 2339 860 impe-

332 868 536 952 rium,
588 863 779 957 quod
830 866 967 957 ipsi
1019 865 1107 935 ad
1159 864 1476 938 ultimum
1530 868 1696 936 vitae
1729 867 1912 936 diem
1946 866 2341 958 regendum

216 989 223 994 ’
334 967 644 1059 ejusque
687 966 1001 1056 posteris
1055 966 1401 1058 deinceps
1442 967 1690 1036 ordine
1722 963 2341 1039 administrandum

331 1063 718 1150 concessit,
772 1062 1093 1135 evehere
1144 1061 1519 1137 voluisset.
1616 1062 2111 1137 Posteriorem
2160 1087 2338 1142 vero

327 1160 651 1235 historiae
715 1173 986 1257 partem
1048 1173 1307 1235 vocant
1353 1163 1765 1236 Persectam
1816 1163 2337 1255 fortitudinem3

326 1285 470 1334 nec
519 1261 904 1334 immerito:
956 1286 1115 1342 nam
1149 1264 1359 1335 Deus
1412 1287 1574 1336 eum
1614 1262 1808 1337 tanto
1837 1265 2104 1337 robore
2140 1267 2338 1358 adju-

323 1372 552 1450 verat,
602 1371 680 1434 ut
731 1384 1052 1456 quasque
1096 1363 1664 1438 turbulentorum
1696 1364 2055 1436 hominum
2088 1364 2335 1437 factio-

325 1484 496 1551 nes,
547 1473 797 1535 contra
847 1483 934 1534 se
985 1466 1476 1555 insurgenteS,
1529 1468 1687 1536 sive
1740 1465 2125 1557 majoribus
2178 1466 2334 1537 sive

320 1563 712 1634 minoribus
764 1562 1022 1656 opibus
1075 1567 1503 1650 niterentur,
1559 1562 1912 1636 deleverit
1961 1586 2046 1635 ac
2099 1566 2334 1658 profli-

323 1665 525 1758 garit.
625 1662 785 1732 Hoc
837 1661 1005 1734 loco
1056 1673 1293 1734 autem
1343 1681 1502 1734 cum
1552 1668 1783 1735 omnia
1816 1664 2061 1756 praelia
2096 1674 2334 1756 gesta-

321 1777 463 1855 que
516 1765 716 1855 regis
754 1760 1130 1835 Sverreris
1183 1772 1306 1833 aut
1354 1781 1498 1833 non
1548 1767 1724 1835 satis
1761 1762 2144 1856 diligenter
2175 1784 2335 1833 nar-

316 1872 471 1932 rata
521 1865 700 1948 sint,
751 1871 872 1933 aut
922 1866 1208 1934 omissae
1260 1885 1385 1934 res
1439 1860 1672 1955 dignae
1725 1886 1886 1957 quae
1938 1866 2336 1957 posteritati

318 1960 705 2047 tradantur,
755 1960 852 2048 hi,
908 1966 1027 2056 qui
1079 1966 1464 2057 peritiores
1504 1974 1669 2035 sunt
1699 1967 2175 2058 majoremque
2207 1963 2329 2035 ha-

320 2058 493 2132 hent
541 2082 779 2132 rerum
830 2066 1187 2149 notitiam,
1258 2084 1346 2133 ea
1399 2060 1669 2133 addere
1722 2066 1928 2157 operi
1977 2074 2331 2156 poterunt.

203 2190 212 2198 ·
317 2155 411 2232 Et
464 2181 856 2256 quanquam
909 2171 1075 2233 sunt
1126 2163 1468 2256 quaedam,
1520 2186 1680 2256 quae
1706 2161 1846 2249 hic,
1901 2166 2171 2234 ratione
2206 2164 2328 2235 ha-

316 2255 463 2331 hita
511 2264 787 2331 numeri
839 2283 923 2332 ac
976 2258 1401 2333 discriminis
1453 2265 1833 2355 copiarum,
1886 2262 2096 2333 fidem
2137 2264 2332 2335 soliti

317 2359 728 2452 praeliorum
785 2370 1085 2433 eventus
1139 2371 1211 2433 et
1264 2362 1568 2433 fortunae
1623 2363 1987 2433 excedere
2038 2361 2329 2434 videan-

317 2468 452 2546 tur,
501 2469 737 2530 tamen
786 2460 946 2531 haec
989 2464 1218 2531 omnia
1272 2481 1446 2532 vera
1488 2479 1682 2545 esse,
1733 2481 1969 2553 neque
2002 2463 2073 2529 in
2107 2465 2329 2551 majus

316 2568 556 2645 aucta,
611 2580 866 2631 omnes
913 2571 1192 2631 norunt.
1313 2559 1479 2650 Quo
1534 2559 1742 2629 nohis
1798 2578 1978 2630 vero
2033 2559 2360 2631 similius

316 2678 490 2729 esse
544 2658 865 2745 videtur,
916 2659 1128 2730 fidem
1181 2662 1445 2731 mereri
1495 2660 1967 2745 narrationeS,
2021 2682 2180 2754 quae
2234 2661 2328 2731 de

312 2761 756 2852 antiquorum
806 2762 1120 2831 virorum
1176 2758 1676 2830 excellentium
1714 2760 2063 2853 praeclare
2094 2764 2326 2852 gestis

311 2860 676 2929 memoriae
726 2859 1026 2953 proditae
1075 2869 1258 2930 sunt.
1363 2857 1579 2949 Quod
1630 2862 1695 2931 si
1746 2859 2002 2953 quihus
2041 2863 2340 2954 exposi-.

311 2960 412 3027 tio
466 2967 713 3032 nostra
754 2962 951 3051 justo
1007 2958 1291 3051 longior
1346 2980 1519 3030 esse
1570 2958 1943 3046 videatur,
2008 2958 2120 3045 hi,
2175 2955 2322 3053 qui*—

307 3051 449 3128 hus
499 3058 575 3126 id
627 3061 848 3151 magis
900 3058 1165 3153 volupe
1219 3062 1332 3145 sit,
1384 3059 1521 3129 alia
1560 3058 2078 3131 oblectamenta
2131 3083 2321 3152 quae-

308 3166 503 3244 rant3
554 3154 678 3243 illi,
731 3160 849 3251 qui
901 3156 1041 3229 hoc
1094 3162 1331 3252 potius
1386 3159 1674 3244 ducant,
1726 3156 1895 3228 huic
1944 3161 2325 3229 narrationi

309 3276 530 3327 aures
578 3256 977 3348 praeheant3
1029 3257 1190 3328 fore
1238 3259 1446 3342 enim,
1503 3260 1625 3350 qui
1665 3258 2012 3327 utrumvis
2044 3255 2323 3342 faciant,

308 3376 454 3425 non
511 3353 776 3428 dubito.
877 3354 1147 3427 Verum
1202 3359 1568 3442 existimo,
1618 3358 1816 3427 viros
1860 3356 2197 3428 cordatos
2250 3366 2324 3426 et

310 3453 689 3546 elegantes
739 3459 1078 3548 majorem
1139 3456 1573 3554 voluptatem
1634 3476 1729 3527 ex
1780 3456 2326 3551 narrationibuS,

307 3554 566 3656 quihus
616 3556 879 3646 singuli
923 3555 1172 3650 plures
1213 3556 1580 3628 oblectare
1615 3559 1914 3649 possint,
1968 3578 2171 3649 quam
2226 3577 2321 3625 ex

304 3656 686 3725 temeraria
738 3654 1018 3743 laetitia,
1080 3677 1218 3748 qua
1269 3655 1529 3749 plures·
1573 3653 1901 3746 singulos
1955 3655 2319 3725 delectare

306 3775 620 3825 necesse
652 3753 981 3842 habeant,
1032 3765 1527 3849 percepturos.
1603 3753 1848 3848 ltaque
1888 3757 2187 3849 quisque
2228 3775 2320 3824 ex

303 3853 552 3939 rebus,
605 3878 765 3948 quae
814 3860 1046 3926 animo
1099 3859 1396 3935 maxime
1449 3854 1829 3939 arrideant,
1882 3853 2191 3925 laetitiam
2248 3864 2321 3924 et

304 3951 744 4046 voluptatem
780 3958 1028 4049 capiat,
1056 3956 1191 4025 sed
1226 3976 1435 4025 nemo
1468 3954 1762 4025 aliorum
1793 3955 2126 4039 instituta,
2158 3976 2318 4048 quae

307 4052 652 4139 deceant,
706 4049 1095 4149 vituperet3
1166 4076 1324 4124 nam
1388 4076 1587 4125 suam
1649 4055 1950 4147 quisque
2002 4063 2317 4124 naturam

306 4171 538 4247 seque
591 4157 892 4227 maxime
945 4157 1153 4249 cupit.
1851 4247 1981 4316 A2
