2950 4709
562 318 740 414 154
1002 343 1367 396 ummua
1418 340 1644 401 imam
1693 338 2132 394 evannum.
2246 326 2571 404 uedeo.

567 524 959 620 complevi,
1029 547 1121 601 ex
1193 525 1480 621 quihus·
1515 524 1818 620 proximi
1887 531 2052 595 octo
2123 529 2197 595 et
2255 511 2429 593 'meo
2489 526 2574 600 et

567 631 872 700 omnium
970 626 1178 719 hujus
1260 628 1467 720 regni
1548 627 1800 698 civium
1881 624 2134 695 damno
2220 621 2567 694 exierunt.

566 725 720 800 Sed
776 727 984 798 Deus
1035 729 1483 819 omnipotens
1533 727 1801 797 amicos
1830 743 2035 794 meos
2087 731 2163 794 et
2205 723 2569 815 principes

567 847 990 921 omnemque
1083 826 1421 921 populum
1518 847 1651 917 pro
1733 823 2241 915 benignissima
2317 842 2567 892 eorum

566 947 811 1019 opera,
863 949 1000 1020 qua
1052 929 1122 997 in
1172 925 1411 998 multis
1460 923 1826 996 laboribus
1875 945 2051 995 usus
2098 943 2280 1007 sum,
2330 942 2566 992 remu·-

565 1035 793 1097 neret.
893 1025 1153 1120 Neque
1223 1046 1402 1098 vero
1470 1024 1681 1097 vobis
1747 1042 2182 1116 magnopere
2251 1040 2564 1091 necesse

564 1123 799 1202 haheo
849 1125 1177 1198 stimulos
1227 1126 1537 1198 addere:
1598 1145 1847 1196 omnes
1900 1125 2084 1193 enim
2135 1119 2348 1192 facile
2402 1141 2565 1213 pos-

565 1235 733 1296 sunt
779 1224 1210 1316 intelligere,
1265 1247 1469 1318 quam
1521 1228 1765 1316 gravis
1816 1226 2222 1294 necessitas
2273 1222 2566 1311 flagitet,

567 1334 647 1399 ut
692 1345 824 1416 pro
875 1346 962 1396 se
1020 1327 1320 1419 quisque
1372 1345 1525 1394 rem
1598 1346 1803 1419 quam
1867 1322 2260 1394 fortissime
2323 1330 2566 1412 gerat3

565 1444 704 1495 nec
754 1426 1032 1497 virtutis
1089 1424 1522 1496 exserendae
1574 1427 1861 1496 occasio
1894 1423 2127 1508 deest,
2180 1443 2336 1493 cum
2391 1418 2566 1490 mili-

566 1533 712 1600 tum
764 1528 968 1618 copia
1022 1547 1163 1596 nen
1214 1525 1442 1611 desit,
1495 1545 1627 1617 pro
1680 1545 1822 1618 quo
1873 1521 2085 1596 Deus
2138 1520 2565 1607 laudandum

565 1637 1057 1719 quemcunque
1129 1628 1313 1695 enim
1383 1623 1594 1717 huJus
1658 1634 1874 1695 terrae
1942 1621 2176 1694 locum
2244 1622 2567 1705 adiimuS,

565 1744 857 1817 semper
904 1726 992 1797 ad
1045 1747 1182 1796 nos
1234 1728 1463 1817 copiae
1495 1724 2009 1797 confluxerunt.
2085 1721 2298 1795 Nunc
2331 1731 2568 1796 autem

566 1820 882 1898 Sverrer
931 1829 1178 1918 copias
1229 1847 1400 1896 suas
1437 1823 1580 1895 huc
1630 1823 1802 1896 illuc
1841 1844 1884 1896 a
1925 1843 2011 1895 se
2068 1822 2346 1907 dimisit,
2396 1843 2568 1913 pau-

567 1926 675 1995 cis
726 1924 1041 2011 relictis,
1094 1946 1278 2022 quos
1328 1927 1399 1994 in
1449 1923 1592 1995 hoc
1642 1928 1838 2010 sinu,
1888 1933 2214 2017 tanquam
2269 1942 2450 1993 oves
2498 1922 2569 1992 in

564 2031 819 2114 septo,
892 2024 1184 2096 clausos
1251 2033 1326 2096 et
1376 2024 1730 2096 obsessos
1783 2033 2132 2097 tenemus.
2230 2021 2567 2118 Denique

567 2142 731 2196 eum
794 2124 1003 2195 finem
1064 2121 1276 2196 Deus
1344 2123 1511 2195 huic
1577 2127 2009 2217 congressui
2050 2125 2411 2218 imponat,
2494 2129 2571 2193 ut

565 2230 862 2316 postea,
931 2226 1089 2296 sive
1140 2233 1300 2294 ,tum
1367 2227 1730 2309 vivamuS,
1802 2227 1959 2296 sive
2011 2225 2271 2296 mortui
2317 2225 2567 2305 simus,

565 2341 746 2416 pace
795 2346 882 2398 ae
933 2323 1259 2397 libertate
1313 2346 1448 2419 per
1498 2324 1753 2396 hostes
1804 2334 2095 2395 nostros
2145 2321 2283 2395 frui
2331 2323 2567 2416 possi·

563 2443 742 2496 mus.
845 2422 1025 2498 Haec
1092 2428 1318 2500 oratio
1390 2446 1642 2517 magna
1709 2426 2013 2495 omnium
2066 2423 2568 2495 acclamatione

546 2523 862 2615 'accepta
917 2534 1052 2612 est,
1108 2526 1518 2598 dicentium:
1573 2523 1730 2596 haec
1782 2527 2080 2595 omnium
2121 2543 2371 2616 regum
2408 2520 2568 2594 seli-

565 2624 896 2696 cissimus
949 2626 1248 2710 dixeris,
1299 2626 1617 2721 saxitque
1666 2624 1915 2709 DeuS,
1974 2632 2052 2695 ut
2101 2622 2353 2695 hostes
2402 2632 2570 2696 tuos

562 2722 927 2814 profliges.
1026 2722 1207 2795 Tum
1261 2722 1528 2796 Ormus
1578 2728 1777 2816 regis
1826 2722 2050 2796 frater
2099 2721 2385 2796 locutus
2417 2732 2567 2794 est:

563 2841 723 2895 mea
789 2825 1141 2894 sententia
1205 2834 1354 2908 est,
1435 2825 1754 2911 domine,
1833 2833 1913 2896 ut
1978 2827 2277 2917 primum
2344 2844 2570 2895 naves

563 2921 879 2994 minores
943 2924 1474 3014 adgrediamur,
1557 2945 1718 3017 quae
1794 2927 2128 3018 impetum
2194 2921 2384 2995 haud
2449 2926 2571 2994 diu

564 3019 1048 3111 sustinehuut3
1101 3045 1258 3097 nam
1310 3027 1669 3117 ingentem
1722 3022 1910 3096 illam
1964 3027 2193 3095 navim
2224 3023 2414 3096 haud
2465 3023 2568 3094 fa·-

560 3118 702 3194 eile
756 3126 1423 3217 expugnariposse
1482 3126 1832 3210 existimo,
1885 3124 2121 3218 quoad
2173 3126 2263 3195 iis
2303 3145 2568 3218 suppe-

564 3228 670 3304 tet
721 3232 794 3294 et
842 3226 1047 3317 copia
1099 3224 1388 3300 militum
1444 3235 1519 3298 et
1567 3224 1870 3301 facultas
1924 3233 2323 3296 ceterarum
2370 3225 2567 3297 navi-

563 3342 716 3409 um,
781 3345 941 3416 quae
997 3328 1107 3394 eis
1160 3346 1592 3398 succurrere
1631 3327 1935 3421 possint.
2040 3322 2175 3394 Cui
2226 3344 2398 3394 rex:
2466 3326 2568 3394 in-

563 3424 760 3510 genti
826 3420 949 3491 illa
1015 3426 1175 3494 navi
1240 3434 1680 3516 expugnata,
1746 3444 1996 3496 omnes
2064 3431 2333 3496 ceterae
2402 3423 2570 3496 mihi

565 3530 987 3611 expugnatae
1031 3522 1379 3594 videntur.
1484 3522 1702 3611 Quod
1755 3545 1886 3596 rex
1938 3532 2407 3617 praeceperat,
2458 3525 2568 3594 sui

561 3616 890 3698 fecerunt
904 3644 923 3707 3
981 3630 1279 3715 quatuor
1307 3627 1627 3696 maximae
1667 3644 1890 3696 naves
1931 3628 2117 3695 inter
2147 3643 2234 3694 se
2278 3626 2569 3715 junctae,

424 3731 437 3736 ’
562 3721 766 3808 regia
831 3723 1036 3794 navis
1104 3724 1429 3815 proxime
1494 3724 1585 3797 ad
1652 3721 1820 3796 litus
1885 3724 2346 3799 meridianum
2398 3745 2568 3795 cou-

562 3826 822 3898 Μαῖα
988 3918 1248 3992 oratio
1300 3918 1691 4012 Asbjornis
1739 3919 1961 3996 Jonas
2002 3920 2162 4015 filii.
2281 3891 2297 3898 “

764 4016 885 4091 90.
968 4019 1284 4114 Ashjorn
1336 4021 1550 4094 Jonis
1601 4020 1790 4094 filius
1845 4030 2260 4115 provectam
2311 4040 2570 4092 navem

563 4136 765 4195 suam
818 4139 978 4196 cum
1029 4141 1210 4254 nave
1268 4119 1469 4195 Ormi
1521 4120 1982 4220 copulandam
2033 4123 2320 4222 curavit.
2387 4118 2569 4208 Tum
