2950 4709
312 404 388 469 c,
416 399 681 481 1545&
768 404 1136 458 msrolua
1169 402 1413 459 Διιιιιιιε
1463 402 1904 464 aventinus.
2095 414 2099 419 ·
2143 369 2322 476 261

209 592 213 595 ⁴
310 603 602 688 tumque
653 590 1162 686 computabant.
1243 588 1530 681 Quibus
1578 610 1740 661 cum
1785 590 2131 682 impensae
2181 588 2325 660 sin-

311 694 508 784 gulis
560 693 907 770 saciendae
958 712 1101 762 non
1152 713 1428 783 magnae
1479 691 1932 776 viderentur,
1982 693 2328 782 imperata
2380 693 2385 696 ⁴

309 791 642 864 libenter·
669 792 914 865 facere
967 792 1490 878 decreverunt,
1559 791 1945 876 dicenteS,
1972 808 2146 860 sese
2197 789 2324 857 im-

307 896 558 985 pensis
577 944 599 979 ,
679 913 858 985 quas
907 912 1041 962 rex
1106 893 1638 977 constituisset,
1721 910 1866 959 non
1929 887 2327 959 defuturos.
2430 954 2435 958 .

309 990 559 1085 ltaque
610 1012 744 1062 rex
798 1012 921 1076 ea,
971 1012 1133 1084 quae
1184 991 1277 1062 ad
1327 1009 1556 1061 naves
1606 988 2061 1060 aedificandas
2108 988 2329 1080 perti-

313 1100 611 1177 nerent,
692 1091 1159 1161 administrari
1221 1092 1474 1181 jussit3
1550 1087 1743 1159 festo
1809 1073 2127 1182 paschali
2186 1089 2330 1177 jam

313 1190 609 1284 elapso,
662 1199 827 1261 octo
881 1209 1105 1259 naves
1157 1188 1525 1260 aedificatae
1579 1196 1818 1275 erant,
1868 1207 2009 1260 sex
2057 1189 2132 1258 in
2179 1184 2329 1278 Ey.-
2404 1251 2414 1262 .

310 1293 451 1377 riS,
520 1309 914 1382 omnesque
964 1309 1277 1381 magnae,
1348 1290 1508 1360 duae
1564 1289 1658 1359 ad
1707 1289 1911 1359 aedes
1961 1289 2205 1379 regias
2252 1292 2333 1356 et

308 1393 668 1483 episcopi3
749 1410 1041 1483 quarum
1110 1412 1272 1482 quae
1339 1392 1414 1459 in
1478 1388 1649 1460 villa
1715 1389 1919 1479 regia
1952 1386 2333 1460 -aedificata

311 1498 454 1576 est,
501 1491 789 1580 triginta
843 1498 999 1558 erat
1047 1486 1714 1575 interscalmiorum,
1762 1484 2332 1578 Ognarbrandus

311 1588 520 1659 dicta.
600 1586 877 1657 Omnes
930 1586 1044 1657 11ae
1095 1607 1321 1657 naves
1368 1608 1501 1680 pro
1533 1587 1835 1669 numero
1862 1594 2333 1657 transtrorum

307 1690 584 1779 ing-enti
634 1697 838 1757 erant
882 1685 1179 1757 laterum
1212 1685 1605 1757 altitudine.
1682 1685 1913 1757 Etiam
1943 1704 2077 1754 rex
2105 1682 2331 1756 Sver-

313 1808 439 1859 rer
488 1785 758 1883 aliquot
811 1806 1034 1858 naves
1085 1788 1456 1858 onerarias
1527 1783 1999 1858 dissecandas
2049 1782 2329 1873 longio-

312 1889 517 1981 rique
576 1888 811 1957 carina
865 1884 1389 1980 amplificandas
1442 1888 1756 1973 curavit,
1827 1892 1905 1954 ut
1942 1885 2163 1976 justis
2214 1902 2330 1952 re-

311 2007 587 2057 morum
656 1986 993 2058 versibus
1061 1988 1308 2078 agitari
1378 1982 1701 2078 posSent.
1812 1981 1998 2055 Τιιιιι
2076 2001 2330 2053 omnes

312 2106 561 2172 naves,
607 2108 769 2179 quae
821 2088 1180 2157 maritimis
1235 2084 1812 2179 expeditionibus
1860 2083 2145 2153 idoneae
2177 2084 2329 2153 exi-

312 2189 805 2270 stimarentur,
869 2189 1119 2279 majori
1188 2184 1502 2256 adhibita
1568 2182 2026 2260 festinatione
2076 2183 2149 2256 in
2199 2202 2329 2275 op-

314 2285 484 2378 pido
535 2287 899 2354 instructae
951 2293 1134 2355 suut.
1231 2321 1234 2328 ·

1086 2383 1213 2455 De
1260 2380 1553 2477 Baqlis.

518 2480 689 2552 155.
791 2480 989 2553 Vere
1045 2483 1449 2577 insequenti
1497 2478 1751 2573 Bagli,
1807 2481 2065 2552 itinere
2115 2499 2159 2551 a
2208 2496 2328 2550 se-

313 2584 742 2676 ptemtrione
796 2601 893 2651 ex
922 2580 1244 2701 Halogia·
1254 2590 1710 2700 ‘compat-ato,
1756 2578 2129 2651 meridiem
2165 2597 2331 2649 ver-

315 2702 446 2753 sus
495 2703 654 2754 cum
706 2679 1047 2751 omnibus
1085 2683 1315 2775 copiis
1366 2680 1454 2750 ad
1489 2682 1748 2751 ostium
1778 2681 1981 2751 sinus
2000 2675 2331 2748 Thrand-

311 2779 601 2851 heimici
650 2779 1206 2865 contenderunt,
1275 2780 1585 2872 deinque
1637 2800 1923 2854 cursum
1972 2779 2048 2855 in
2094 2780 2331 2849 sinum

309 2889 847 2953 converterunt.
913 2878 1074 2951 Hoc
1119 2879 1327 2950 sestis
1377 2888 1846 2971 pentecostes
1894 2876 2159 2956 diebus
2209 2896 2328 2947 ac-

307 2982 500 3054 cidit.
573 2976 715 3070 Qui
746 3002 902 3051 cum
940 2979 1316 3050 introrsum
1355 2978 1446 3048 ad
1479 2976 1812 3050 Holmum
1842 2980 2330 3070 navigassent,

309 3079 542 3197 ,quode
545 3083 653 3147 eis
685 3098 1038 3169 egressus
1092 3098 1182 3146 eo
1211 3075 1380 3145 loco
1412 3075 1789 3147 difficilior
1817 3076 2210 3162 videretur,
2257 3073 2330 3143 in

317 3171 732 3251 interiorem
782 3174 1382 3246 Thrandbeimum
1434 3174 1766 3266 profecti,
1817 3180 2048 3246 totum
2099 3177 2330 3244 sinum

314 3275 722 3372 populando
753 3273 1248 3367 peragrabant,
1287 3282 1380 3343 et
1431 3275 1775 3365 pecunias
1813 3270 2331 3364 comparabant.

316 3376 605 3461 Coloni,
673 3377 995 3448 exercitu
1046 3372 1435 3451 collectitio
1489 3381 1783 3458 coacto,
1849 3371 2186 3457 aderant,
2254 3380 2331 3444 et

316 3476 465 3548 tela
512 3478 583 3543 iu
633 3473 907 3566 Baglos
956 3475 1324 3558 miseruut,
1375 3482 1451 3543 et
1502 3482 1677 3567 quot
1728 3493 1976 3543 eorum
2025 3479 2332 3564 possent

307 3577 750 3666 intercipere
806 3573 1255 3644 conabantur.
1329 3573 1736 3666 Episcopus
1783 3568 2137 3646 Nicolaus
2186 3589 2327 3642 sae-
2346 3653 2353 3662 Q

315 3677 480 3794 pius
508 3673 690 3766 apud
730 3675 1119 3742 exercitum
1157 3675 1640 3744 concionatus
1692 3674 1800 3741 sic
1849 3669 2075 3742 verba
2124 3669 2327 3741 fecit:

306 3777 454 3867 jam
505 3764 870 3844 sacerdos
905 3769 1219 3842 Sverrer
1266 3794 1410 3842 non
1461 3772 1626 3865 plus
1648 3769 2067 3861 Norvegiae,
2118 3790 2328 3862 quam

307 3894 533 3946 unum
584 3873 1164 3965 promontorium,
1214 3873 1287 3940 in
1321 3892 1453 3942 sua
1488 3877 1845 3963 potestate
1876 3866 2114 3954 habet,
2165 3888 2327 3961 quae

316 3974 703 4066 possessio
753 3972 932 4042 satis
982 3990 1236 4062 magna
1290 3980 1517 4056 esset,
1566 3970 1630 4040 si
1682 3971 1756 4038 in
1810 3988 1900 4038 ea
1946 3977 2153 4060 parte
2176 3966 2327 4058 Ey-

318 4093 589 4159 rarum,
640 4092 802 4166 quae
854 4078 1057 4141 extra
1107 4068 1314 4164 palos
1366 4068 1691 4140 litorales
1732 4070 1960 4160 jacet,
2018 4066 2329 4137 domina-

324 4178 558 4258 retur,
626 4190 861 4298 eoque
913 4169 1081 4243 loco
1148 4172 1218 4241 in
1270 4188 1556 4241 crucem
1606 4177 1813 4239 actus
1862 4174 2082 4238 esset.
2181 4163 2329 4235 Ve-
