2950 4709
597 338 767 430 ῙἼΒ
1028 362 1397 414 mareau
1448 360 1675 412 nnete
1729 361 2166 450 smannens.
2270 362 2345 428 ο,
2382 362 2630 431 10445,-

590 554 825 625 animo
878 556 953 621 et
1000 566 1131 644 pro
1184 545 1636 620 facultatibus
1686 568 1977 642 operam
2026 559 2255 621 navet.
2369 547 2603 625 Pero·
2648 597 2662 609 -

588 672 759 723 rans
809 669 990 722 suos
1039 651 1310 719 monuit
1357 669 1526 735 ren,
1577 657 1657 719 ut
1706 668 1792 720 se
1850 670 2026 743 erga
2077 653 2476 745 oppidanos
2528 666 2604 727 et

592 750 899 823 colonos
963 757 1086 823 aut
1151 758 1594 820 mercatores
1645 747 1832 821 bene
1896 759 2210 839 moratos
2261 757 2604 849 pacisque

572 851 963 925 'studiosos
1030 848 1455 942 praeberent.
1588 847 1821 940 Quam
1889 854 2277 924 ouationem
2351 877 2606 930 omnes

591 951 982 1046 prudentes
1051 949 1371 1021 secunda
1438 950 1945 1022 acclamatione
2016 964 2460 1047 exceperunt
2530 968 2607 1029 et

591 1071 1030 1144 magnopere
1082 1049 1488 1143 probarunt.
1601 1049 1958 1123 Autumno
2010 1053 2416 1148 insequenti
2468 1079 2604 1128 rex

593 1150 910 1223 Sverrer
958 1152 1545 1244 septemtrionem
1598 1171 1861 1222 versus
1896 1155 1965 1221 in
1998 1157 2384 1245 emporium
2435 1178 2602 1250 pro-

591 1252 829 1324 fectus
883 1259 1019 1335 est,
1070 1248 1311 1343 ibique
1347 1253 1668 1342 proxima
1698 1249 1959 1337 hieme,
2010 1251 2381 1347 plerisque
2413 1260 2602 1347 prin·

591 1350 870 1445 cipibus
921 1352 1073 1422 suis
1118 1351 1445 1443 stipatus,
1489 1370 1575 1421 se
1627 1350 2050 1423 continebat.
2150 1351 2491 1449 Kussungi
2531 1359 2604 1428 in

590 1451 776 1524 Vika
825 1449 1312 1523 versabantur.

696 1551 1057 1648 Kuflunqi
1117 1551 1513 1647 emporium
1569 1547 1957 1644 diripiunt,
2025 1548 2505 1630 Birkibeinos

1366 1649 1834 1743 interfieimet.

796 1748 964 1822 105.
1042 1750 1314 1823 Eadem
1363 1758 1614 1822 aestate
1643 1749 1982 1842 Kussungi
2013 1756 2257 1845 copias
2287 1765 2602 1850 septem-

592 1855 896 1925 trionem
964 1872 1225 1922 versus
1276 1849 1630 1922 adversus
1682 1871 1931 1943 regem
1985 1851 2416 1926 Sverrerem
2472 1859 2602 1931 du-

594 1973 768 2048 cere
818 1950 1177 2044 parabant,
1231 1959 1304 2022 et
1354 1972 1528 2021 sero
1566 1951 1847 2022 tandem
1882 1962 2211 2024 autumno
2240 1957 2379 2026 iter
2407 1979 2602 2031 com-

590 2060 936 2146 pararant.
1011 2049 1610 2143 Septemtrionem
1661 2071 1925 2123 versus
1969 2051 2264 2125 Stadum
2307 2067 2602 2149 praeter·

591 2154 820 2237 vecti,
873 2149 1198 2222 serentes
1247 2160 1506 2221 ventos
1556 2149 1855 2221 boream
1905 2173 2166 2224 versus
2215 2156 2306 2226 ad
2356 2156 2603 2250 Agda-

591 2272 843 2323 nesum
912 2253 1097 2322 nacti
1160 2259 1345 2322 sunt.
1462 2247 1645 2322 Tum
1705 2250 2065 2325 Nevarius
2109 2252 2272 2329 shos
2336 2279 2606 2332 versus

593 2355 1029 2447 composuit:

794 2450 1257 2523 Birkibeinos
1308 2451 1715 2544 perdamne,

796 2551 1116 2625 Sverrer
1165 2551 1462 2624 inferior
1522 2553 1865 2639 discedat,

793 2652 1095 2746 probato
1146 2650 1387 2744 gladio
1438 2651 1915 2730 vehementes

798 2760 873 2822 et
923 2752 1226 2823 crebros
1277 2749 1665 2824 inferamus
1717 2755 1924 2824 ictus,

795 2848 1073 2923 Sedulo
1107 2872 1512 2937 caveamuS,
1552 2872 1645 2923 ne
1678 2873 1812 2923 nos
1841 2873 2176 2927 sermone
2205 2854 2559 2945 jactemus
2578 2879 2600 2944 ς

795 2950 983 3022 edita
1034 2954 1270 3044 potius
1322 2960 1569 3043 strage
1619 2951 2027 3044 gloriemur.

794 3048 1150 3139 SinamuS,
1197 3052 1435 3123 Deum
1487 3051 1715 3146 praelii
1765 3051 2115 3125 fortunam
2159 3053 2600 3154 decernere3

793 3173 929 3225 nos
980 3157 1334 3247 impetum,
1392 3157 1512 3247 qui
1567 3156 1677 3224 eis
1730 3151 1993 3239 doleat,
2040 3154 2398 3225 faciamus.

590 3250 774 3326 Tum
822 3263 1111 3326 ventum
1156 3275 1443 3334 caurum
1475 3253 1734 3325 leniter
1759 3257 2143 3348 spirantem
2174 3257 2381 3340 nacti,
2434 3276 2599 3347 pro-

590 3357 777 3425 xima
826 3375 1140 3448 vespera
1189 3358 1352 3425 sinu
1400 3357 1622 3425 remis
1674 3357 1967 3441 intrato,
2026 3377 2214 3427 nova
2262 3363 2476 3426 nocte
2528 3358 2599 3425 in

550 3457 1008 3547 emporium,
1061 3451 1253 3526 nulla
1305 3463 1791 3547 praecurrente
1845 3453 2047 3542 sama,
2095 3465 2598 3548 pervenerunt,

590 3551 758 3624 Rex
810 3550 1125 3623 Sverrer
1172 3557 1246 3623 in
1297 3575 1467 3625 arce
1520 3552 2123 3648 Steinbjargensi,
2175 3558 2424 3648 paucis
2470 3559 2599 3628 sti-

589 3662 800 3748 patus
868 3651 1245 3740 militibuS,
1320 3655 1777 3743 considebat3
1857 3659 2155 3727 maxima
2204 3656 2598 3730 aulicorum

588 3757 1119 3848 principumque
1171 3777 1338 3848 pars
1391 3758 1462 3825 in
1516 3756 1775 3849 oppido
1832 3767 2023 3844 erat,
2091 3777 2328 3850 neque
2397 3759 2598 3848 prius

588 3855 963 3925 adventum
1017 3853 1531 3949 Kuflungorum
1583 3858 2244 3942 animadverterant,
2297 3878 2502 3950 quam
2527 3859 2598 3925 in

590 3955 922 4048 oppidum
972 3957 1414 4054 irrupissent.
1526 3949 1663 4026 Hic
1712 3955 1975 4030 multos
2022 3955 2599 4028 Birkibeinorum

589 4052 1016 4150 fortiumque
1066 4058 1374 4128 virorum
1427 4055 1976 4142 interfecerunt,
2034 4056 2362 4151 plerique
2414 4074 2595 4129 vero

584 4154 658 4223 in
711 4154 925 4228 aedes.
962 4176 1210 4228 sacras
1273 4153 1761 4247 confugerunt.
1877 4155 1983 4227 lbi
2046 4157 2308 4228 cecidit
2356 4153 2594 4248 Bryn-
