2950 4709
344 403 587 471 (3.164.
777 404 1142 456 ιιιετοιιιιι
1196 403 1420 451 neeis
1475 402 1914 452 avr-:unums-
2185 372 2376 466 m

800 587 926 663 De
975 591 1181 682 reqis
1230 585 1412 680 filiis
1459 594 1533 657 et
1583 584 1936 658 colonis-.-

550 687 720 762 164.
819 688 981 764 Jam
1035 689 1129 759 de
1179 686 1496 780 Sigurdo
1544 683 1873 758 Lavardo
1931 696 2006 758 et
2033 683 2362 773 Hakone,

344 794 548 884 regis
598 789 787 879 filiis,
838 793 1009 861 item
1065 789 1157 878 de
1212 786 1517 873 colonis,
1570 789 1691 881 qui
1741 789 1813 856 in
1845 781 2360 879 Ryginabergo

345 911 432 962 se
432 847 959 974 ‘'continebant,
1010 871 1491 959 referendum.
1591 885 1717 972 Hi,
1771 908 1930 958 cum
1983 887 2361 972 vidissent,

345 1010 600 1084 regem
644 988 1074 1062 Sverrerem
1125 991 1198 1057 in
1248 984 1580 1058 hostibus
1634 1006 1766 1079 per
1814 986 2117 1080 glaciem
2167 991 2361 1058 inse

350 1091 657 1185 quendis
705 1088 1178 1180 vehementer
1228 1105 1402 1158 esse
1442 1096 1884 1179 occupatum,
1936 1085 2361 1181 colonisque

345 1190 612 1262 auxilio
665 1211 849 1282 opus
903 1206 1116 1275 esse,
1182 1190 1371 1258 inter
1419 1206 1507 1258 se
1559 1185 1910 1259 cohortati
1963 1190 2360 1259 exercitum

347 1288 442 1362 de
494 1310 672 1383 rupe
726 1289 1200 1361 deduxerunt.
1319 1285 1488 1378 Quo
1547 1289 1743 1373 visu,
1811 1286 2170 1380 Sigurdus
2221 1286 2358 1359 La·

342 1388 612 1463 vardus
663 1412 751 1462 ac
800 1392 913 1461 sui
965 1398 1213 1460 contra
1275 1389 1384 1457 ire
1456 1386 2011 1474 contenderunt3
2078 1391 2361 1482 utrique

344 1494 576 1585 primo
627 1494 698 1561 in
746 1486 1103 1562 vallecula
1153 1483 1453 1580 quadam
1491 1482 1680 1557 forte
1712 1488 2031 1558 intersita
2058 1509 2361 1560 concur-

313 1595 618 1677 ‘rerung
668 1583 793 1661 ubi
842 1608 1011 1659 acre
1064 1585 1386 1680 praelium
1441 1587 1687 1657 extitit.
1764 1580 2163 1658 Birkibeini
2192 1608 2360 1681 qua-

352 1691 771 1782 dringentos
840 1690 1204 1779 octoginta
1271 1685 1533 1756 milites
1600 1681 2040 1774 habuerunt,
2122 1686 2363 1759 coloni

289 1845 300 1859 ,
349 1790 442 1863 ad
495 1791 640 1863 duo
690 1788 907 1861 millia
958 1787 1538 1881 quadringentos,
1627 1783 1924 1857 Colonis
1971 1784 2360 1859 vehemen-

217 1917 221 1928 ·
350 1901 465 1963 ter
501 1888 1017 1973 insistentihuS,
1066 1883 1462 1959 Birkiheini
1507 1881 1863 1959 hominum
1917 1886 2361 1960 multitudine

350 1993 708 2085 superati,
778 1990 1116 2060 deorsum
1186 1990 1258 2057 in
1308 1990 1602 2059 semitas
1654 1985 2142 2080 profugerunt.
2242 1986 2360 2058 Si

349 2092 627 2183 gurdus
676 2083 1050 2161 Lavardus
1103 2091 1174 2157 in
1226 2084 1583 2182 oppidum
1620 2084 1962 2173 tetendit,
2004 2107 2363 2183 equoque
2428 2167 2447 2173 ,

349 2201 608 2263 vectus
674 2211 761 2262 se
814 2193 885 2259 in
938 2188 1168 2258 aedem
1220 2186 1600 2273 Halvardi,
1667 2201 1919 2280 magna
1984 2192 2360 2261 comitante

349 2286 706 2361 hominum
755 2288 1243 2373 multitudine,
1310 2290 1637 2380 conjecit.
1737 2285 1993 2359 Hakon
2054 2308 2232 2360 vero
2288 2297 2362 2362 et

350 2385 621 2480 Petrus
684 2383 997 2458 Porcius
1073 2408 1233 2458 cum
1307 2397 1510 2479 parte
1590 2389 1973 2479 copiarum·
2035 2383 2357 2459 cursum²

350 2509 568 2581 supra
619 2486 1015 2558 coenobium
1070 2485 1472 2558 monialium
1535 2487 2095 2574 contenderunt,
2157 2488 2360 2559 inde-

351 2608 493 2683 que
529 2591 613 2657 ·in
668 2587 974 2680 glaciem
1027 2587 1120 2657 ad
1147 2606 1398 2680 regem
1429 2607 1520 2658 se
1551 2597 2000 2680 receperunt.
2079 2585 2363 2673 Coloni,

351 2691 643 2780 negotio
697 2685 1113 2780 fugientium
1168 2685 1663 2806 pellendorum
1703 2683 2188 2778 negligentius
2233 2686 2362 2758 de-

352 2787 613 2878 functi,
679 2788 1022 2859 instructa
1087 2789 1280 2858 acie
1275 2790 1368 2856 ἰιι
1419 2787 1749 2880 oppidum
1807 2786 2364 2877 descenderunt,

351 2906 659 2983 moxque
697 2884 973 2982 dilapsi,
1025 2907 1410 2982 cauponas,
1464 2890 1536 2956 in
1582 2886 1840 2982 quihus
1881 2888 2183 2982 quisque
2232 2909 2362 2960 ve-

354 3009 573 3083 spere
590 2998 893 3082 potaret,
939 2985 1434 3081 designarunt.
1469 2982 1696 3058 Etiam
1728 2987 1818 3058 ad
1841 3007 2067 3059 naves
2097 2992 2363 3081 regiaS‚

353 3110 500 3188 quo
567 3086 733 3159 loco
803 3087 1178 3158 subductae
1247 3098 1483 3173 erant,
1553 3086 2117 3174 descenderunt3
2187 3109 2365 3183 quas

330 3186 488 3258 >alii
538 3186 932 3257 incendere
997 3185 1466 3272 voluerunt,
1507 3183 1625 3255 alii
1691 3194 1977 3256 contra.
2008 3185 2362 3272 dixerunt,

354 3295 709 3378 negantes
792 3305 879 3356 sc
964 3283 1243 3355 cimelia
1340 3306 1475 3355 sua
1562 3287 1918 3376 corrumpi
2001 3299 2367 3377 passuros⁴

353 3381 640 3457 Deinde
693 3387 758 3454 in
815 3388 1193 3478 superiora
1226 3393 1494 3478 praeter
1522 3383 1921 3456 coenobium
1963 3384 2363 3458 monialium

354 3485 897 3571 contenderunt,
948 3488 1320 3578 aciemque
1366 3487 1869 3557 instruxerunt.
1945 3482 2113 3556 Rex
2141 3484 2364 3557 Sver-

354 3604 518 3669 rer,
586 3585 810 3654 aciem
862 3584 1279 3657 colonorum
1332 3589 1824 3679 conspicatuS,
1875 3605 2055 3657 suos
2105 3582 2364 3657 cohor-

275 3677 288 3689 ’
355 3692 545 3755 tatus
598 3685 807 3754 etiam
872 3695 1404 3757 nune-strenue
1458 3706 1750 3778 operam
1801 3706 2064 3757 navare
2106 3689 2367 3779 jussit:

353 3784 540 3855 fama
592 3785 800 3870 enim,
850 3785 1103 3878 inquit,
1159 3787 1435 3855 eximiae
1487 3788 1770 3856 virtutis
1820 3784 2086 3881 ubique
2139 3783 2363 3856 divul-

355 3882 655 3976 gabitur.
757 3882 945 3955 Mihi
993 3884 1278 3978 quidem
1331 3884 1606 3969 coloni,
1674 3883 2090 3979 quibuscum
2142 3883 2362 3955 hodie

354 4006 561 4055 mane
627 4005 874 4056 sumus
942 3987 1359 4075 congressi,
1444 4005 1579 4053 nos
1648 3988 1902 4056 iterum
1973 3987 2364 4056 convenire

430 4117 475 4182 ¹)
511 4118 569 4172 h.
606 4118 646 4172 1.
675 4120 931 4173 -altcrum
972 4119 1184 4188 solium
1228 4120 1381 4174 deest
1400 4160 1405 4166 .
1427 4121 1488 4174 ⁸⁸²⁸
1528 4121 1657 4176 God.
1694 4122 1913 4177 membr.
1946 4121 2025 4187 A,
2079 4122 2255 4190 quod,
2301 4127 2367 4175 ut

354 4225 546 4280 wapro,
581 4228 650 4266 σε
684 4212 815 4270 Οοάι
859 4211 907 4266 G
944 4212 1256 4283 sufflatum
1288 4216 1387 4269 eet.
