2950 4709
661 347 839 437 Μ
1099 373 1465 423 lusu-omn
1519 371 1745 420 uncis
1799 369 2238 420 svnnnnms.
2319 363 2672 430 (3.178-79.

671 560 791 631 De
842 578 1143 655 quorum
1179 559 1438 629 itinere
1468 558 1739 627 certior
1784 553 2017 628 factus
2050 553 2200 626 Jou
2229 552 2505 643 Sta-lus,
2554 576 2680 650 per

670 663 1012 732 interiora
1061 657 1433 752 profectus
1466 658 1823 728 adversus
1855 677 1989 727 eos
2026 658 2419 744 contendit3
2473 655 2683 748 Bagli

668 782 849 832 vero
908 763 1053 852 jam
1117 768 1261 829 tum
1332 756 1560 829 lacum
1628 759 2162 849 praeterierant,
2242 766 2683 850 posteroque

672 882 878 932 mane
930 868 1236 931 montem
1290 858 1691 930 ascendere
1747 858 2301 943 contenderunt,
2370 878 2519 951 quo
2568 879 2684 928 su-

671 972 924 1058 perato
987 964 1060 1030 in
1122 959 1590 1045 Valdresum,
1670 958 1985 1056 indeque
2070 961 2143 1028 in
2204 956 2541 1052 Uplauda
2605 977 2685 1028 se

673 1061 1140 1133 contulerunt.

1240 1158 1475 1254 Baylz·
1523 1181 1777 1253 rupem
1829 1157 2124 1230 dedunt.

876 1258 1045 1330 179.
1147 1257 1429 1329 Interea
1497 1280 1630 1329 rex
1694 1258 2012 1330 Sverrer
2077 1280 2328 1354 rupem
2398 1258 2686 1330 obside-

672 1359 830 1446 bat,
891 1363 1179 1453 jamque
1250 1360 1409 1431 dies
1485 1362 1798 1444 exierat,
1863 1360 1952 1429 ad
2019 1381 2224 1453 quam
2292 1360 2574 1430 Reidar
2620 1361 2686 1427 in

673 1460 899 1531 literis
968 1461 1365 1554 scripserat
1432 1482 1520 1533 se
1606 1464 1676 1531 in
1756 1481 1937 1554 rupe
2012 1465 2374 1532 sustinere
2446 1478 2687 1554 posse.

669 1560 921 1656 ltaque
955 1562 1247 1633 obsessi
1279 1566 1349 1632 in
1398 1583 1576 1654 rupe
1610 1564 1820 1632 tantis
1861 1564 2210 1653 angustiis
2266 1559 2685 1653 premeban-

672 1670 810 1747 tur,
863 1672 942 1733 ut
968 1683 1114 1756 quo
1139 1666 1348 1734 vitam
1388 1662 1799 1748 tolerarent,
1825 1682 2073 1753 parum
2096 1660 2472 1747 haberent,
2507 1681 2686 1753 prae-

671 1769 789 1831 ter
847 1761 1062 1833 funes
1127 1767 1540 1849 coriaceus,
1608 1784 1791 1855 quos
1859 1763 2196 1833 concisos
2265 1760 2684 1855 coquebant.

670 1858 970 1932 Talibus
1024 1863 1323 1958 dapibus
1376 1884 1510 1956 per
1558 1862 1820 1933 festum
1843 1861 2135 1953 jolense
2168 1866 2487 1933 contenti
2518 1880 2684 1931 esse

672 1961 1139 2051 cogebantur,
1191 1986 1330 2035 nec
1381 1964 1626 2034 harum
1678 1962 1961 2056 quidem
2015 1967 2222 2055 copia
2264 1963 2682 2033 sufficiente.

670 2059 1045 2150 Vergente
1113 2063 1304 2133 festo
1364 2063 1635 2153 jolensi
1703 2061 2105 2133 Halvardus
2170 2061 2493 2133 Brattius
2542 2081 2683 2131 uno

669 2163 1048 2232 comitatus
1098 2171 1312 2233 nocte
1364 2162 1660 2254 quadam
1717 2183 1812 2231 ex
1864 2184 2040 2256 rupe
2067 2162 2372 2254 aufugit3
2426 2161 2682 2255 quibus

672 2279 808 2329 rex
876 2258 1190 2333 Sverrer
1273 2262 1371 2333 ad·
1448 2283 1536 2332 se
1600 2262 2051 2334 venientibus
2131 2261 2682 2333 incolumitatem

671 2364 1054 2433 concessit.
1162 2362 1322 2453 Qua
1378 2362 1469 2433 de
1523 2383 1605 2432 re
1657 2361 2047 2433 Birkibeiui
2100 2365 2427 2455 proximo
2480 2381 2682 2434 mane

670 2463 1026 2532 certiores
1076 2462 1267 2549 faeti,
1318 2465 1697 2555 aegerrime
1750 2461 2115 2549 serebant,
2182 2460 2436 2554 Baglis
2486 2466 2679 2531 inco-

671 2558 1054 2633 lumitatem
1123 2584 1545 2635 concessam
1609 2562 1858 2635 fuisse.
1961 2562 2213 2655 Bagh,
2278 2562 2394 2633 bis
2456 2562 2680 2633 rebus

669 2662 1215 2749 animadversis,
1268 2686 1475 2758 quum
1530 2667 1600 2733 in
1652 2684 1854 2755 spem
1907 2667 2104 2757 pacis
2156 2672 2364 2733 antea
2416 2664 2680 2755 despe-

668 2770 844 2831 ratae
898 2766 1305 2849 venissent‚
1378 2762 1788 2857 complures
1859 2785 1956 2833 ex
2021 2785 2202 2856 rupe
2269 2763 2359 2833 ad
2429 2783 2679 2855 regem

670 2858 1169 2951 confugerunt,
1226 2883 1621 2953 omnesque
1655 2884 1904 2954 pacem
1956 2868 2436 2956 impetrarunt.
2500 2861 2679 2932 Tum

667 2981 805 3029 rex
854 2981 1099 3031 verum
1141 2964 1510 3052 comperit,
1562 2959 1837 3052 Baglos
1880 2967 2021 3055 jam
2075 2963 2334 3034 nullam
2387 2966 2459 3033 in
2496 2981 2678 3055 rupe

667 3080 870 3153 spem
921 3059 1176 3132 salutis
1232 3059 1543 3147 habere,
1608 3083 2000 3157 omnesque
2069 3063 2255 3134 fame
2313 3067 2454 3155 jam
2505 3084 2678 3132 con-

666 3160 903 3233 fectos
958 3182 1163 3251 esse3
1220 3166 1427 3233 etiam
1480 3162 1753 3233 Reidar
1801 3167 1959 3255 regi
2003 3168 2328 3256 Jusserat
2358 3165 2677 3249 nuntiari,

667 3282 753 3334 se
807 3264 1154 3354 postridie
1209 3267 1366 3356 ejus
1420 3265 1563 3333 diei
1619 3283 1709 3333 ex
1740 3283 1918 3356 rupe
1951 3284 2440 3349 excessurum,
2491 3285 2677 3334 mor·

664 3371 953 3455 temque
1008 3366 1219 3434 armis
1273 3368 1507 3455 potius
1560 3384 1767 3455 quam
1816 3363 2000 3433 fame
2051 3363 2487 3449 subiturum,
2556 3386 2675 3456 pa-

667 3482 823 3531 cem
875 3483 1093 3548 vero,
1144 3465 1208 3533 si
1264 3466 1420 3554 ejus
1471 3473 1796 3555 potestas
1848 3463 2075 3548 fieret,
2131 3472 2205 3533 et
2245 3462 2376 3534 sibi
2422 3474 2496 3535 et
2523 3466 2676 3534 suis

664 3559 989 3630 omnibus
1041 3572 1515 3654 accepturum.
1616 3560 1798 3632 Tum
1851 3586 1983 3635 rex
2036 3562 2392 3649 Sverrer‚
2444 3562 2672 3636 militi-

664 3659 801 3729 bus
853 3661 943 3730 ad
998 3664 1411 3732 concionem
1462 3661 1633 3733 tuba
1684 3667 2122 3749 convocatiS,
2175 3663 2361 3734 hunc
2399 3667 2468 3733 in
2522 3685 2672 3734 mo-

666 3761 829 3831 dum
880 3761 1101 3832 verba
1154 3762 1352 3834 fecit:
1406 3785 1591 3834 nunc
1644 3786 1686 3833 a
1741 3763 1948 3833 vohis
1991 3764 2364 3835 consilium
2417 3773 2670 3857 petere

659 3859 864 3948 volo,
919 3865 1276 3957 quomodo
1326 3867 1397 3934 in
1445 3862 1832 3935 Reidarem
1883 3886 1969 3934 ac
2018 3886 2237 3951 suoS,
2305 3868 2370 3935 si
2424 3868 2491 3933 in
2543 3885 2671 3934 no-

661 3972 876 4033 stram
908 3967 1237 4035 venerint
1266 3974 1717 4057 potestatem,
1769 3963 2048 4035 consuli
2085 3964 2379 4058 placeat.
2457 3962 2673 4054 Quod

659 4064 721 4130 si
775 4061 919 4147 fiet,
973 4084 1224 4134 omnes
1255 4067 1480 4134 nostri
1514 4062 1696 4134 bane
1748 4062 2170 4134 obstinatam
2222 4064 2670 4135 obsidionem

657 4158 843 4229 solvi
911 4162 1359 4252 gaudebunt,
1439 4161 1657 4256 hique
1723 4165 2071 4251 maxime,
2159 4166 2282 4261 qui
2348 4167 2670 4259 proxime
