2950 4709
579 293 699 407 54
1019 343 1388 394 niernum
1442 344 1669 402 nec-19
1722 342 2160 394 wemmam.
2211 338 2215 342 “
2272 335 2597 405 (3.29-30.

583 528 993 615 videamus}
1079 535 1155 597 et
1232 539 1408 599 sane
1476 527 1684 599 nimis
1765 525 1887 597 diu
1948 546 2084 598 nos
2117 528 2329 602 ,intra
2396 527 2604 617 regni

585 628 770 698 fines
821 628 1070 719 agitari
1123 629 1317 719 passi
1369 648 1660 714 sumuS‚
1719 623 2120 718 multasque
2174 627 2604 698 vexationes

588 728 898 799 hostium
979 726 1418 819 pertulimus,
1553 725 1679 798 Sic
1765 747 1901 797 rex
1967 723 2285 798 Sverrer
2369 724 2605 795 multis

588 826 961 922 praeclaris
1007 827 1252 898 verbis
1286 848 1469 897 suos
1523 846 1961 921 magnopere
2014 826 2424 910 stimulavit,
2475 825 2603 895 bo-

591 931 848 1021 nisque
915 949 1075 1024 quae
1136 930 1368 997 auimo
1437 930 1917 1022 concepisset,
1951 925 2302 998 ominibus
2352 924 2605 996 confir-

594 1031 829 1099 mavit.
933 1026 1158 1119 Cujus
1227 1031 1453 1100 oratio
1523 1026 1845 1100 secunda
1910 1030 2214 1109 omnium
2266 1024 2606 1098 acclama-

595 1131 792 1202 tione
846 1135 1152 1219 excepta
1207 1136 1339 1197 est.
2417 1159 2424 1163 ·

768 1225 1127 1299 Preelium
1175 1229 1374 1297 inter
1423 1249 1641 1322 reyes
1692 1225 1799 1298 ad
1829 1234 2131 1320 pontem
2183 1224 2440 1297 IIc‘rtoe.

800 1325 919 1397 30.
1022 1324 1208 1397 Post
1255 1325 1414 1398 haec
1470 1330 1876 1398 continuato
1916 1329 2170 1397 itinere
2225 1348 2382 1397 cum
2434 1346 2610 1417 pon-

601 1436 745 1498 tem
799 1429 868 1496 iu
918 1427 1228 1512 flumine,
1281 1428 1475 1521 quod
1525 1425 1776 1500 Hirta1
1836 1427 2127 1512 dicitur,
2176 1426 2613 1517 transgressi

604 1536 877 1613 essent,
928 1547 1177 1618 regem
1208 1527 1553 1619 Magnum
1578 1531 1720 1619 jam
1760 1526 2373 1622 adpropinquasse
2409 1534 2615 1595 certo

606 1636 1127 1718 cognoverunt.
1226 1625 1392 1698 Rex
1445 1626 1761 1699 Sverrer
1828 1629 2217 1698 exercitum
2286 1629 2360 1696 in
2411 1625 2614 1696 fruti-

605 1735 769 1798 ceta
820 1726 1143 1822 quaedam
1195 1726 1382 1800 haud
1435 1727 1692 1821 procul
1741 1750 1783 1799 a
1810 1737 2025 1821 ponte
2058 1727 2372 1798 deduxit.
2446 1723 2618 1795 Rex

604 1828 924 1918 Magnus
977 1824 1388 1921 Ormusque
1457 1831 1656 1920 regis
1718 1827 1943 1899 frater
2003 1836 2275 1898 certum
2328 1843 2616 1919 quoque

602 1928 737 1997 de-
790 1928 1046 1997 itinere
1129 1924 1703 2000 Birkibeinorum
1778 1929 2094 1999 nuntium
2173 1932 2617 2019 acceperant.

610 2025 754 2117 Qui
805 2046 965 2097 cum
1015 2025 1105 2096 ad
1157 2037 1444 2118 pontem
1496 2030 1891 2112 venissent,
1943 2048 2079 2097 rex
2131 2028 2445 2119 Magnus
2488 2044 2616 2096 ve-

610 2125 858 2197 xillum
888 2147 1092 2198 suum
1124 2126 1494 2197 transferri
1530 2129 1765 2219 jussit,
1818 2128 2118 2220 ipseque
2154 2139 2448 2200 secutus
2487 2134 2620 2196 est.

611 2225 773 2297 Hoc
824 2227 1014 2297 idem
1074 2226 1250 2299 fecit
1300 2224 1569 2299 Ormus
1621 2230 1818 2319 regis
1868 2225 2106 2298 frater.
2209 2226 2388 2298 Cum
2438 2245 2619 2297 vero

613 2347 751 2397 rex
794 2348 951 2398 cum
1007 2335 1206 2420 parte
1263 2330 1625 2399 exercitus
1677 2335 1962 2420 pontem
2006 2331 2407 2413 transisset,
2459 2320 2620 2394 Bir-

614 2425 884 2500 kibeini
935 2447 1173 2500 acrem
1225 2431 1296 2498 in
1352 2447 1485 2499 eos
1536 2429 1868 2524 impetum
1897 2427 2266 2498 fecerunt..
2336 2426 2670 2518 pugnas

612 2538 762 2599 tum
816 2537 931 2599 est
982 2531 1265 2615 acriter,
1317 2545 1556 2623 neque
1609 2529 1748 2599 diu.
1849 2526 2015 2599 Rex
2062 2528 2379 2620 Magnus
2431 2547 2621 2598 com-

616 2627 941 2721 pluribus
1005 2632 1159 2700 suis
1188 2667 1193 2670 ⁴
1227 2629 1626 2700 interfectis
1711 2638 1907 2699 trans
1976 2638 2262 2721 pontem
2333 2626 2623 2717 refugit,

621 2727 884 2797 deinde
936 2730 1146 2800 etiam
1199 2726 1480 2823 Ormus'
1518 2731 1717 2821 regis
1766 2727 2011 2814 frater,
2062 2730 2342 2822 utrique
2374 2724 2623 2798 vulne·

617 2829 771 2899 rati.
871 2824 952 2897 ln
1005 2825 1143 2898 hoc
1212 2826 1464 2919 praelio
1516 2849 1653 2900 rex
1700 2828 2013 2920 Magnus
2069 2826 2479 2921 complures
2533 2846 2628 2898 ex

618 2928 774 2998 suis
824 2928 1073 2998 amisit.
1172 2925 1362 3007 Post
1408 2927 1609 3014 haec,
1659 2949 1818 2999 cum
1871 2930 2152 3022 utrique
2203 2927 2636 3022 aliquamdiu

616 3024 766 3097 tela
810 3046 947 3119 per
976 3035 1460 3099 transversum
1489 3048 1764 3101 amnem
1793 3031 1978 3099 inter
2005 3049 2091 3099 se
2124 3030 2628 3120 conjecissent,

622 3127 893 3197 diversi
948 3127 1461 3200 discesserunt.
1563 3127 1699 3199 His
1749 3128 1972 3201 rebus
2019 3131 2252 3221 gestis
2298 3148 2433 3198 rex
2466 3126 2627 3197 Ma·

621 3247 806 3319 gnus
855 3224 1358 3321 Tunsbergum
1425 3228 1518 3302 ad
1577 3250 1804 3304 naves
1865 3250 2039 3302 suas
2090 3249 2437 3301 reversus
2490 3235 2627 3312 est,

621 3327 935 3420 indeque
986 3350 1273 3399 cursum
1312 3331 1662 3400 orientem
1697 3350 1958 3401 versus
1989 3329 2383 3402 secundum
2423 3325 2632 3398 litora

626 3427 924 3513 direxit3
990 3447 1125 3498 rex
1173 3426 1488 3501 Sverrer
1548 3432 1619 3498 in
1666 3426 2167 3500 Raumarikum
2234 3427 2630 3522 profectuS‚

625 3527 972 3597 orientem
1039 3545 1304 3598 versus
1367 3545 1501 3620 per
1548 3528 2069 3601 mediterranea
2133 3530 2274 3600 iter
2334 3526 2509 3599 fecit
2560 3536 2634 3600 et

623 3621 993 3716 Ljodhusa
1042 3628 1391 3719 pervenit,
1443 3626 1565 3699 ubi
1615 3648 1864 3719 regem
1898 3628 2241 3721 Magnum
2274 3626 2633 3720 Kongelae

624 3727 912 3797 versari
963 3729 1231 3822 certior
1278 3726 1533 3814 factus,
1587 3748 1678 3799 eo
1708 3726 2076 3820 profectus
2119 3729 2211 3802 de
2241 3730 2633 3821 improviso

620 3824 952 3913 advenit3
1019 3825 1333 3922 leveque
1396 3827 1721 3922 praelium
1788 3849 1934 3899 uon
1983 3831 2080 3900 ita
2127 3849 2380 3920 magna
2430 3827 2635 3899 caede

628 3928 1083 3998 commissum
1137 3936 1285 4013 est,
1336 3950 1480 4023 quo
1528 3928 1718 4001 sacto
1770 3949 1905 4000 rex
1947 3929 2262 4022 Magnus
2313 3929 2637 3999 secundo

633 4025 917 4096 flumine
971 4026 1342 4115 discessit3
1394 4028 1493 4099 ihi
1544 4050 1679 4100 rex
1729 4027 2047 4102 Sverrer
2091 4038 2335 4122 captas
2371 4027 2641 4136 aliquot

708 4152 758 4229 ¹)
794 4155 1003 4232 nem,
1044 4155 1125 4222 Β,
1159 4156 1329 4227 avita,
1368 4156 1431 4212 F.
