2950 4709
348 356 427 425 c.
455 354 597 426 1²0.
784 357 1157 412 morona
1204 354 1435 411 naurs
1483 341 1944 411 §mannus
2179 329 2359 424 ”1

342 567 514 642 quae
542 542 819 620 Bakkis
863 552 1039 633 erat,
1070 547 1316 619 missae
1354 563 1648 639 operam
1680 542 1906 631 daret,
1954 490 2136 617 soris
2153 503 2361 637 juxt·

342 644 688 742 templum
706 696 729 732 ,
800 644 965 718 dum
1028 645 1511 740 peragebatur
1574 648 1788 717 missa
1805 696 1828 731 ,
1895 646 2359 733 consisteret,

341 768 558 818 -manu
619 748 694 818 in
755 754 1040 839 postem
1103 748 1429 839 imposita
1450 795 1471 831 ,
1534 767 1739 839 quam
1807 743 2362 841 castellanorum
2464 805 2468 809 ,

339 846 624 942 aliquis,
671 849 952 918 intensa
1002 844 1428 918 arcubalista
1445 898 1468 934 ,
1533 843 1687 917 telo
1735 844 2106 931 transfixit,
2169 852 2363 917 tanta

344 950 445 1034 vi,
493 956 575 1019 ut
621 944 971 1041 spiculum
1021 948 1229 1038 posti
1261 945 1551 1016 infixum
1601 944 1946 1033 haereret3
1983 944 2174 1039 quod
2201 941 2360 1017 vul-

341 1068 488 1119 nus
540 1067 765 1139 grave
796 1044 947 1118 fuit.
1019 1044 1357 1133 Insulani,
1408 1044 1603 1140 quod
1648 1065 1897 1137 regem
1927 1042 2361 1117 Sverrerem

304 1168 497 1218 -non
561 1145 1024 1219 adventurum
1091 1148 1292 1239 prius
1369 1166 1578 1239 quam
1656 1166 1838 1217 vere
1913 1144 2359 1238 procedente

346 1254 898 1341 exspectarent,
982 1255 1255 1340 partem
1322 1249 1684 1340 copiarum
1748 1248 1821 1316 in
1887 1243 2361 1339 praefecturas

347 1343 492 1419 buc
540 1346 729 1422 illue
766 1346 1193 1419 dimiserant.
1291 1343 1463 1417 Rex
1483 1344 1826 1432 Sverrer,
1875 1365 2009 1438 per
2048 1343 2360 1417 hiemem

345 1448 422 1518 in
471 1445 1001 1518 Thrandheimo
1068 1466 1157 1517 se
1224 1446 1638 1531 continens,
1707 1447 1955 1538 copias
2009 1466 2103 1517 ex
2151 1447 2360 1539 pagis

350 1555 806 1632 evocaverat,
855 1547 948 1617 ad
983 1542 1428 1616 invadendos
1451 1542 1860 1630 InsulanoS,
1912 1563 2098 1638 quos
2150 1543 2359 1617 brevi

344 1665 394 1718 a
453 1646 755 1717 meridie
822 1645 1264 1717 adventuros
1327 1644 1827 1738 exspectabat,
1894 1664 2190 1737 semper
2234 1664 2358 1738 pa-

345 1756 582 1835 ratus;
651 1766 812 1839 quae
879 1747 1106 1837 copiae
1186 1746 1261 1814 in
1324 1743 1622 1816 taberna
1693 1745 2150 1838 symposiaca
2222 1764 2362 1838 per

344 1845 654 1918 hiemem
707 1843 1267 1938 hospitabantur,
1314 1865 1549 1940 usqne
1584 1865 1676 1917 eo
1714 1845 1947 1916 donec
1992 1865 2128 1917 rex
2175 1864 2358 1917 vere

337 1949 672 2041 proxime
742 1947 1181 2039 insequenti,
1248 1953 1576 2038 tempore
1644 1944 1841 2038 longi
1900 1947 2213 2039 jejunii,:
2263 1944 2355 2017 ab

344 2049 860 2139 septemtrione
910 2048 1050 2117 iter
1098 2044 1653 2137 ingrediebatur.
1751 2045 2003 2118 Naves
2040 2066 2183 2118 non
2212 2067 2357 2117 ma-

220 2195 231 2205 ·
337 2147 571 2238 jores‚
623 2167 830 2241 quam
890 2147 1138 2237 viginti
1203 2154 1708 2234 transtrorum,
1777 2157 1854 2220 et
1918 2144 2102 2218 infra
2163 2146 2359 2220 bunc

345 2266 752 2332 numerum,
813 2245 1079 2316 babuit.
1130 2293 1135 2298 -
1187 2243 1356 2316 Rex
1413 2267 1670 2338 magna
1734 2246 2108 2318 celeritate
2173 2266 2357 2320 usus

346 2346 716 2415 meridiem
761 2365 1024 2416 versus
1063 2343 1352 2436 Bergas
1405 2348 1792 2431 contendit,
1843 2347 1938 2416 de
1990 2348 2196 2438 cujus
2243 2347 2356 2417 iti·

344 2443 525 2515 ner‘e
577 2442 889 2515 Insulani
937 2442 1207 2514 nullum
1255 2446 1570 2516 nuntium
1620 2455 2093 2539 acceperunt,
2154 2447 2357 2538 prius

336 2566 553 2639 quam
609 2544 938 2638 oppidum
968 2544 1585 2638 adpropinquaret.
1684 2544 1830 2615 Die
1862 2543 2151 2616 Saturni
2191 2552 2355 2616 ante

337 2644 764 2716 dominicam
795 2643 1176 2738 palmarum
1211 2642 1588 2716 concilium
1614 2642 2040 2732 babuerunt,
2086 2647 2161 2714 in
2212 2662 2355 2739 quo

334 2742 628 2817 -Olavus
682 2744 1005 2838 dynastae
1067 2744 1298 2817 affinis
1359 2765 1602 2816 coram
1670 2744 2003 2817 militibus
2066 2747 2355 2817 concio·

341 2867 525 2917 nans
590 2844 781 2917 bunc
848 2849 919 2916 in
976 2847 1265 2917 modum
1331 2845 1559 2918 verba
1618 2844 1829 2918 feeit:
1889 2848 2035 2940 jam
2099 2865 2355 2918 verum

321 2948 657 3019 -nuntium
711 2946 806 3017 de
844 2945 1221 3018 itineribus
1266 2949 1468 3038 regis
1499 2944 1886 3021 Sverreris'
1923 2948 2358 3040 accepimus,

332 3067 512 3119 -eum
560 3046 766 3118 brevi
818 3044 1240 3119 adfuturum.
1339 3044 1588 3140 ltaque
1636 3045 2177 3118 deliberandum
2225 3067 2357 3118 no·

342 3146 461 3219 bis
512 3154 667 3233 est,
732 3155 965 3217 utrum
1036 3166 1198 3216 eum
1249 3142 1393 3215 boc
1440 3144 1610 3217 loco
1665 3155 2171 3238 exspectemus
2189 3183 2222 3231 ,·
2282 3153 2380 3243 et·

343 3265 504 3319 cum
554 3248 807 3340 copiiS,
861 3266 1037 3340 quas
1087 3265 1276 3316 nunc
1323 3241 1696 3333 babemus,
1744 3265 1898 3315 rem
1928 3246 2001 3314 in
2038 3243 2356 3337 praelium

340 3349 880 3433 committamuS,
931 3367 1020 3416 an
1071 3343 1276 3416 aliam
1327 3345 1508 3415 inire
1543 3348 1887 3416 rationem
1927 3342 2208 3432 malitis,
2261 3363 2354 3416 eo

188 3485 211 3532 ·-
344 3446 536 3538 quod
588 3467 841 3538 magna
890 3449 1251 3540 copiarum
1300 3465 1490 3538 pars
1517 3444 1659 3517 alio
1712 3446 1996 3517 dimissa
2023 3447 2136 3517 sit.
2235 3441 2354 3517 Si·

340 3541 617 3637 gurdus
668 3546 990 3636 dynastae
1038 3546 1231 3618 filius
1260 3567 1419 3617 cum
1449 3543 1621 3619 sexl
1653 3544 1953 3618 navibus
1982 3545 2353 3617 meridiem

345 3662 612 3715 versus
639 3642 1127 3739 Stavangriam
1177 3646 1552 3741 profectus
1605 3657 1741 3735 est,
1792 3646 1883 3718 ad
1918 3667 2128 3741 quem
2160 3645 2353 3718 velis

341 3747 417 3816 in
467 3740 683 3815 altum
747 3744 930 3816 datis
995 3757 1338 3841 receptus
1396 3756 1622 3842 patet3
1698 3747 2012 3840 Eystein
2057 3744 2354 3841 Korpus

342 3866 504 3965 cum
570 3843 829 3963 tribus·
867 3846 1165 3967 navibus
1229 3849 1302 3917 in
1354 3846 1630 3939 Sognio
1685 3856 1837 3933 est,
1912 3868 2072 3941 quae
2124 3850 2354 3963 copiae

344 3944 1093 4140 ῗιῖἒῖθέῗῗμζίῗξ
1139 3954 1382 4140 ῗηῖἓῖ,
1430 3946 1677 4141 0333,
1700 3944 1963 4119 ἳῗζεὲ
1981 3943 2353 4141 met:

416 4174 466 4244 ι)
500 4193 713 4251 septem,
751 4177 820 4233 Β.
1024 4165 1028 4170 ’
