2950 4709
376 365 449 430 c,
472 361 576 429 59,
824 366 1192 416 msa-cnm
1242 367 1467 417 nnc-15
1520 366 1958 454 svennnrus.
2226 341 2394 431 103

377 548 597 632 filium
651 571 864 638 esse,
932 552 1072 624 sihi
1135 550 1443 648 probare
1514 527 1839 624 liceret*
1887 549 2205 622 Primum
2254 571 2392 621 rex

379 647 722 735 Sverrer,
774 651 908 723 bac
960 675 1041 724 re
1092 655 1182 723 ad
1222 656 1586 746 principes
1641 652 1898 737 delata,
1952 651 2251 722 consilia
2300 650 2389 721 ab
2504 683 2505 686 ¹

378 752 467 821 iis
548 752 782 842 petiit3
866 752 1130 824 deinde
1218 774 1371 823 eam
1440 756 1512 822 in
1582 752 1969 822 aulicorum
2036 759 2392 856 conventu

375 852 882 943 pronuntiavit,
963 854 1214 924 dicens
1281 874 1367 923 se
1435 855 1935 924 universorum
1999 850 2394 921 aulicorum

376 954 771 1022 sententias
803 955 995 1023 scire
1046 951 1259 1024 velle.
1338 950 1799 1046 Responsum
1837 960 1953 1021 est
1989 950 2076 1036 ab
2108 952 2390 1021 univer-

377 1052 507 1135 siS,
559 1071 646 1121 se
698 1055 856 1144 regi
909 1050 1283 1137 Sverreri,
1335 1074 1472 1122 nec
1522 1050 1649 1122 ulli
1702 1051 1821 1121 alii
1874 1072 2161 1143 operam
2220 1051 2391 1120 dare

377 1148 609 1238 velle3
685 1153 1194 1243 prudentiores
1258 1172 1435 1222 vero
1509 1161 1583 1222 et
1651 1149 2107 1221 consiliorum
2172 1152 2393 1220 intimi

377 1248 877 1337 hortabantur,
945 1262 1023 1322 ut
1093 1251 1342 1323 Eiriko
1410 1254 1622 1324 venia
1690 1251 2035 1345 probandi
2099 1251 2392 1342 generis

378 1353 656 1442 paterni
710 1351 1253 1424 concederetur.
1353 1350 1598 1446 Itaque
1650 1372 1788 1421 rex
1840 1349 2156 1422 Sverrer
2204 1350 2390 1421 Eiri-

378 1448 544 1520 kum
596 1449 711 1521 his
763 1450 1253 1543 compellavit:
1305 1450 1750 1522 hortantibus
1803 1453 2044 1522 amicis
2095 1448 2222 1522 tibi
2263 1471 2389 1521 ve-

379 1552 559 1620 niam
613 1550 789 1621 ferri
841 1550 1209 1623 candentis
1260 1553 1591 1645 gestandi
1631 1552 1802 1621 dare
1832 1549 2046 1637 volo,
2077 1559 2155 1622 ut
2180 1550 2392 1620 Deus

380 1670 614 1740 genus
662 1660 855 1722 tuum
908 1660 1276 1744 paternum
1326 1652 1605 1744 probet.
1682 1651 1840 1722 Etsi
1891 1672 2068 1721 vero
2119 1671 2244 1742 res
2295 1652 2394 1737 ita

380 1748 609 1835 cadat,
659 1759 735 1821 ut
785 1751 1006 1821 frater
1041 1773 1244 1823 meus
1280 1751 1612 1846 filiusque
1646 1753 1848 1841 regis
1879 1748 2174 1842 Sigurdi
2218 1770 2390 1821 esse

377 1851 732 1943 proberis,
782 1864 1018 1922 tamen
1071 1873 1330 1922 nomen
1383 1861 1594 1946 atque
1646 1872 1970 1943 regnum,
2023 1851 2215 1943 quod
2263 1849 2390 1921 ob-

378 1952 616 2039 tineo,
684 1960 877 2022 tanto
944 1950 1113 2021 mihi
1164 1956 1396 2039 stetit,
1469 1973 1761 2045 egoque
1823 1954 1981 2045 ipse
2035 1960 2111 2023 et
2157 1949 2392 2022 Birki-

377 2048 573 2122 beini
620 2060 849 2122 tantas
902 2073 1253 2124 aerumnas
1320 2062 1395 2123 et
1445 2051 1895 2123 difficultates
1946 2050 2393 2145 pertulimuS,

377 2155 733 2245 tantisque
801 2154 873 2220 in
938 2152 1281 2244 periculis
1348 2156 1614 2224 versati
1664 2152 1961 2239 suimus,
2026 2159 2107 2222 ut
2154 2171 2393 2244 neque

377 2252 530 2339 tibi,
582 2273 720 2322 nec
771 2250 901 2321 ulli
953 2250 1080 2343 alti,
1121 2257 1397 2345 regium
1451 2272 1710 2323 nomen
1763 2265 1883 2321 aut
1934 2251 2125 2344 quod
2159 2245 2392 2321 babeo

377 2349 680 2442 regnum
752 2353 923 2422 dare
992 2361 1109 2422 aut
1177 2354 1587 2423 concedere
1653 2351 1889 2422 velim.
2001 2350 2202 2421 Hanc
2268 2349 2395 2421 tibi

378 2454 895 2537 conditionem,
953 2456 1015 2523 si
1069 2449 1309 2537 libeat,
1361 2452 1549 2523 bona
1601 2474 1761 2522 cum
1814 2453 2039 2546 gratia
2088 2457 2392 2544 meaque

376 2556 590 2624 venia
638 2555 973 2646 accipere
1023 2552 1234 2638 licet3
1289 2551 1498 2623 aliter
1548 2552 1712 2622 hinc
1761 2560 1939 2635 tuto,
1991 2553 2178 2621 sicut
2226 2570 2391 2644 per-

375 2656 660 2739 venisti,
714 2651 1086 2744 discedito.
1180 2652 1494 2738 Eirikus,
1547 2662 1627 2722 ut
1676 2655 1794 2745 qui
1848 2659 2053 2722 esset
2103 2671 2233 2721 ore
2288 2651 2392 2722 di-

376 2763 616 2839 serto,
668 2756 829 2845 regi
878 2775 1010 2845 pro
1063 2753 1197 2824 hac
1250 2774 1331 2824 re
1382 2753 1661 2846 prolixe
1716 2754 1981 2844 gratias
2035 2755 2220 2843 egit,
2285 2752 2391 2823 di·
2487 2799 2492 2807 ,

377 2874 581 2938 cens,
634 2852 815 2922 hanc
867 2857 1141 2946 paterni
1194 2856 1488 2945 generis
1523 2851 1867 2946 probandi
1913 2853 2394 2925 conditionem

375 2975 462 3027 se
515 2955 824 3025 libenter
874 2962 1363 3046 accepturum,
1437 2964 1511 3024 et
1561 2952 1648 3024 ab
1704 2974 1794 3023 eo
1847 2953 2014 3023 inde
2065 2962 2391 3046 tempore

373 3076 503 3125 res
553 3075 723 3125 suas
779 3074 1028 3145 omnes
1078 3054 1221 3124 Dei
1289 3057 1630 3146 regisque
1694 3055 2031 3145 potestati
2093 3054 2398 3146 permis-·

376 3174 646 3225 surum.
727 3152 985 3245 Neque
1036 3157 1133 3223 ita
1184 3152 1405 3223 multo
1456 3161 1624 3246 post
1671 3151 1966 3224 Eirikus
2011 3151 2207 3222 ferro
2255 3152 2391 3242 'ge-

376 3253 634 3325 stando
687 3272 772 3322 se
824 3255 1084 3344 jejunio
1137 3249 1599 3345 praeparavit,
1673 3250 1864 3345 quod
1927 3272 2086 3321 cum
2149 3258 2390 3342 gesta-

375 3361 599 3439 retur,
651 3373 787 3423 rex
841 3349 1157 3423 Sverrer
1209 3356 1275 3422 ei
1312 3351 1803 3444 jusjurandum
1856 3354 1927 3421 in
1979 3350 2137 3421 haec
2167 3349 2394 3430 verba

375 3455 690 3546 praeivit:
743 3456 814 3523 in
863 3456 1028 3522 eam
1080 3474 1234 3523 rem
1284 3474 1536 3544 manus
1567 3461 1726 3522 tuas
1754 3455 2023 3522 sanetis
2070 3450 2393 3545 reliquiis

378 3562 769 3646 sanctoque
836 3553 1021 3623 libro
1090 3556 1433 3645 imponis,
1503 3553 1886 3645 Deumque
1940 3553 2393 3639 contestariS,

376 3661 456 3724 ut
506 3656 600 3723 ita
650 3653 778 3723 tibi
829 3655 1104 3724 manum
1158 3676 1199 3724 a
1250 3652 1448 3723 ferro
1503 3652 1929 3722 incolumem
1980 3653 2273 3738 reddat,
2326 3655 2393 3722 si

377 3773 460 3826 re
512 3774 688 3823 vera
737 3752 927 3824 filius
983 3774 1067 3823 es
1120 3756 1319 3845 regis
1370 3751 1668 3843 Sigurdi
1735 3773 2084 3847 meusque
2151 3752 2393 3823 fratem

377 3850 555 3922 Tum
605 3853 931 3924 Eirikus:
1000 3856 1095 3923 ita
1146 3853 1357 3924 Deus
1424 3852 1634 3937 faxit,
1709 3860 1789 3921 ut
1838 3874 2111 3923 manum
2163 3871 2441 3921 meam«

376 3952 465 4022 ab
517 3951 659 4023 hoc
711 3953 906 4042 ferro
959 3956 1306 4046 integram
1359 3952 1689 4048 reseram,
1743 3954 1808 4021 si
1857 3950 2046 4022 filius
2080 3973 2236 4022 sum
2274 3971 2391 4022 re-

378 4055 491 4144 gis
542 4051 876 4145 Sigurdi3
945 4075 1102 4124 nam
1169 4052 1310 4123 hoc
1378 4053 1646 4123 serrum
1711 4051 1800 4124 ad
1868 4072 2104 4122 meum
2163 4053 2392 4144 ipsius

377 4162 746 4249 paternum
780 4174 1012 4247 genus
1042 4151 1505 4252 probandum,
1555 4173 1700 4225 non
1726 4150 2048 4237 aliorum,
2097 4160 2389 4244 gestare
