2950 4709
469 379 486 389 ·
581 351 749 441 130
1010 378 1381 429 msa-omn
1433 378 1662 429 neers
1715 376 2155 428 svnnnnms.
2387 367 2599 445 (276.

580 561 876 636 suudum
945 564 1225 648 missis,
1293 565 1452 656 ipse
1517 582 1653 655 per
1719 565 2083 634 exteriora
2142 562 2234 634 ad
2282 560 2595 653 Aleyar·

580 662 882 735 sundum
937 665 1308 753 navigavit.
1397 651 1795 732 Birkibeini
1849 663 2029 732 duas
2076 661 2374 734 celoces
2426 682 2594 754 spe-

579 761 959 834 culatorias
1017 761 1559 853 Heklungorum
1610 765 1680 831 in
1732 760 2155 833 Ulvasundo
2226 770 2596 855 ceperunt,

577 865 943 933 maximam
1023 871 1626 955 propugnatorum
1708 870 1977 956 partem
2062 861 2597 946 interfecerunt,

578 960 963 1034 nonnullos
1011 965 1151 1035 vita
1207 962 1596 1047 donarunt,
1671 965 1790 1056 qui
1858 962 1948 1032 de
2014 960 2235 1032 rebus
2286 962 2597 1031 hostium

581 1065 1023 1154 interrogati,
1058 1062 1413 1146 dixerunt,
1465 1069 1619 1132 tres
1651 1061 1947 1133 celoces
1983 1064 2053 1131 in
2082 1061 2596 1154 Aleyarsundo

587 1161 1003 1254 explorandi
1057 1164 1281 1253 gratia
1333 1171 1570 1247 stare,
1621 1161 2248 1255 unamspecnlam
2303 1162 2394 1231 'ad
2448 1179 2596 1231 me-

580 1263 833 1332 ridiem
885 1263 956 1331 in
989 1261 1241 1352 Haeya
1294 1280 1490 1346 esse,
1542 1259 1834 1332 alteram
1871 1264 1936 1330 in
1964 1261 2375 1352 Fenringo,
2403 1261 2593 1348 unde

581 1369 1038 1455 prospectum
1094 1369 1167 1430 et
1215 1361 1304 1430 ad
1341 1361 1549 1451 ignes
1604 1382 1645 1430 e
1684 1360 1958 1431 boreali
2009 1360 2301 1455 specula
2359 1362 2596 1430 editos

586 1472 661 1533 et
704 1461 793 1532 ad
846 1461 1177 1554 oppidum
1233 1480 1425 1531 esse.
1525 1461 1889 1531 Dixerunt
1937 1480 2260 1555 quoque,
2311 1464 2596 1532 univer-

582 1583 713 1634 sos
762 1559 1022 1632 milites
1073 1564 1143 1629 in
1196 1559 1461 1653 oppido
1508 1559 1921 1654 quiescere,
1973 1562 2391 1646 indicanteS,
2443 1562 2596 1654 qui-

580 1662 717 1734 bus
768 1661 1043 1733 aedibus
1080 1679 1454 1754 procerum
1485 1665 1791 1755 quisque
1825 1662 2194 1747 dormiret,
2244 1663 2596 1731 neminem

582 1760 885 1857 periculi
936 1762 1310 1857 quidquam
1361 1763 1639 1849 timere,
1691 1782 1942 1833 omnes
1996 1781 2220 1832 naves
2271 1761 2601 1831 tentoriis

581 1860 859 1935 velatas
924 1863 1013 1932 ad
1076 1870 1335 1954 pontes
1401 1868 1621 1931 stare.
1722 1860 1872 1931 Has
1941 1863 2264 1952 cognitas
2328 1881 2453 1930 res
2505 1859 2598 1930 ad

584 1981 835 2053 regem
901 1959 1330 2032 Sverrerem
1401 1959 1828 2031 detulerunt.
1932 1959 2109 2031 Cum
2176 1983 2219 2031 a
2283 1969 2596 2053 septem-

508 2107 520 2121 1
586 2058 936 2132 trionibus
988 2080 1120 2152 per
1169 2058 1353 2130 freta
1404 2062 1837 2151 navigarent,
1888 2081 2021 2131 rex
2074 2060 2253 2132 duas
2275 2059 2600 2145 celoces»,

585 2181 763 2255 quas
832 2159 919 2231 ab
986 2157 1387 2251 Heklungis
1459 2169 1839 2253 ceperant,
1925 2163 2285 2254 praemisit.
2389 2158 2601 2250 Quae,

584 2260 894 2353 clypciS,
946 2262 1065 2354 qui
1097 2258 1183 2329 ab
1215 2253 1642 2353 HeklungiS,
1696 2281 1994 2353 quorum
2027 2270 2234 2332 antea
2266 2260 2597 2346 luissent,

584 2363 879 2453 agnosci
929 2369 1265 2454 possent,
1327 2360 1418 2430 ad
1481 2380 1734 2454 proras
1786 2382 2209 2455 puppesque
2261 2360 2596 2451 alligatiS,

584 2481 805 2533 cursu
871 2461 1241 2531 meridiem
1307 2481 1568 2531 versus
1622 2462 1931 2546 directo,
2011 2483 2169 2532 cum
2255 2464 2484 2532 sinum
2555 2480 2599 2530 a

584 2563 970 2634 meridiana
1035 2560 1513 2653 Driveyarum
1586 2571 1789 2654 parte
1857 2562 2445 2653 ingrederentur,
2506 2558 2594 2630 ab

583 2659 986 2752 Heklungis
1038 2661 1678 2753 conspiciebantur,
1733 2663 1851 2756 qui
1907 2661 2278 2733 celocihus
2326 2672 2399 2732 et
2440 2660 2597 2752 ely-

586 2764 747 2853 peis
800 2760 1141 2830 celeriter
1192 2762 1537 2850 cognitis,
1606 2781 1784 2831 suos
1836 2760 2354 2833 commilitones
2426 2780 2597 2832 esse

585 2862 756 2944 rati,
822 2857 922 2928 nil
972 2858 1109 2928 sibi
1161 2857 1537 2945 timebant,
1603 2881 1838 2953 neque
1889 2864 2088 2953 prius
2138 2861 2422 2933 hostem
2472 2861 2598 2933 ad-

588 2980 759 3031 esse
810 2959 1495 3044 animadverterunt,
1562 2977 1766 3053 quam
1819 2960 2117 3033 celoces
2176 2961 2436 3033 fretum
2490 2965 2596 3032 in·

588 3080 867 3152 gressae
921 3061 992 3128 in
1042 3061 1246 3152 ipsos
1297 3062 1671 3130 irruerent.
1772 3059 2171 3132 Birkibeini
2237 3060 2596 3154 extemplo

586 3162 865 3252 sagittis
920 3168 995 3231 et
1043 3159 1267 3231 hastis
1320 3157 1666 3252 conjectis
1716 3160 2141 3253 Heklungos
2208 3164 2279 3231 in
2331 3171 2593 3233 terram

590 3281 983 3333 excurrere
1051 3270 1488 3353 coegerunt,
1572 3260 1932 3333 nonnullis
1982 3261 2414 3349 interlectis3
2502 3264 2597 3332 ita

588 3360 960 3433 c‘elocibus
1012 3382 1170 3432 cum
1238 3361 1563 3431 omnibus
1629 3362 1851 3431 rebus
1901 3364 2139 3454 potiti,
2207 3365 2407 3453 regis
2473 3360 2597 3433 ad-

585 3469 874 3532 ventum
960 3458 1490 3552 exspectabant.
1637 3459 1770 3531 His
1849 3459 2071 3532 rebus
2155 3465 2386 3555 gestis
2466 3482 2600 3532 rex

587 3558 899 3632 Sverrer
945 3582 1033 3656 ¹ac
1084 3562 1193 3629 sui
1242 3562 1380 3629 iter
1429 3561 1795 3631 meridiem
1849 3583 2106 3632 versus
2158 3564 2596 3651 institerunt3

586 3680 889 3753 cumque
944 3661 1305 3729 meridiem
1372 3679 1638 3730 versus
1688 3662 1757 3729 in
1822 3659 2006 3732 freta
2058 3657 2639 3749 contenderent,‘

586 3781 743 3846 reX,
794 3757 1163 3831 celocibus
1217 3780 1375 3854 quae
1419 3758 1822 3852 Heklungis
1872 3760 2157 3834 fuerant
2184 3763 2598 3855 praemi'ssiS,

586 3863 797 3952 ignes
860 3862 932 3931 in
995 3859 1248 3952 Haeya
1312 3864 1804 3956 'praeoccupari
1863 3865 2096 3954 Jussit.
2198 3859 2596 3933 Birkiheini

586 3969 823 4031 autem
877 3962 1241 4032 occasioni
1291 3960 1570 4033 avidius
1620 3960 1968 4034 inhiantes
1982 4006 2015 4048 ,-
2067 3984 2226 4033 cum
2278 3961 2597 4034 celerius

588 4081 796 4152 quam
844 4081 978 4131 rex
1028 4060 1355 4134 voluerat
1403 4063 1772 4133 meridiem
1830 4083 2093 4134 versus
2143 4064 2598 4154 remigarent,

588 4181 632 4229 a
681 4159 1136 4254 speculatore
1194 4161 1666 4237 animadversi
1717 4171 1916 4250 sunt,
1968 4165 2088 4258 qui
2140 4164 2380 4258 ignem
2428 4181 2597 4257 spe-
