2950 4709
620 374 799 466 m
1047 401 1410 452 urs-roan
1467 402 1692 450 umus
1748 402 2187 453 svnnnnms.
2269 399 2343 464 c.
2376 396 2646 467 173.74.

619 584 831 681 Bagli
897 590 1141 660 testati
1207 596 1408 674 sunt,
1482 607 1568 658 se
1638 584 1803 660 talia
1873 587 1966 658 de
2037 607 2217 680 rege
2268 585 2643 661 Sverrere

619 691 1088 782 comperisse,
1140 697 1217 760 ut
1266 710 1424 759 cnm
1482 709 1574 758 eo
1604 689 1950 779 congredi
2002 710 2142 759 non
2200 711 2642 784 magnopere

619 791 1251 882 concupiscerent,
1323 789 1800 883 dixeruntque
1858 810 2059 874 eum,
2122 810 2283 859 cum
2334 794 2642 882 ningere

621 897 695 959 et
767 887 1017 982 gelare
1069 892 1502 983 incepisset,
1572 890 1774 982 rupis
1829 887 2277 960 obsidionem
2330 892 2641 962 omissu-

616 1010 789 1059 rum.
889 988 1256 1061 Postridie
1323 1010 1531 1059 mane
1603 1010 1738 1059 rex
1802 986 2150 1076 Sverrer,
2212 987 2488 1081 Baglos
2543 991 2640 1061 de

616 1110 795 1182 rupe
830 1089 1175 1182 effugisse
1214 1089 1769 1161 certiorfactus:
1823 1108 2027 1182 quam
2052 1109 2186 1160 vos
2195 1094 2336 1182 jam
2362 1091 2640 1162 taedere

619 1192 836 1281 coepit
883 1210 1131 1282 rupem
1186 1188 1552 1274 obsidere,
1606 1192 1849 1283 inquit,
1902 1200 2038 1260 tam
2079 1187 2315 1281 Bagli,
2366 1201 2445 1263 ut
2494 1194 2636 1285 ipsi

618 1285 908 1375 videtis,
963 1309 1055 1360 eo
1109 1286 1274 1359 loco
1327 1287 1651 1358 obsideri
1703 1289 1925 1360 multo
1956 1286 2335 1362 molestius
2380 1288 2639 1362 serunt.

1111 1388 1237 1461 De
1286 1385 1681 1460 Ribbaldis
1735 1398 1809 1460 et
1856 1386 2144 1486 Baalis.
2538 1417 2551 1428 ·

824 1485 994 1561 174.
1071 1487 1263 1560 Ante
1319 1490 1571 1559 eadem
1624 1499 1875 1561 aestate
1905 1489 2304 1574 Johannes‚
2359 1488 2637 1581 Anglo-

619 1614 771 1665 rum
822 1609 991 1677 rex,
1058 1592 1217 1682 regi
1268 1587 1607 1662 Sverreri
1678 1600 1958 1661 centum
2010 1587 2290 1683 vigintil
2345 1589 2637 1677 milites,

620 1714 716 1763 ex
772 1714 864 1763 eo
916 1710 1192 1784 genere
1244 1693 1363 1784 qui
1413 1688 1748 1760 Ribbaldi
1800 1690 2270 1785 appellantur,
2323 1692 2636 1763 miserat.

616 1792 734 1879 Hi,
785 1791 1095 1863 serarum
1150 1793 1407 1878 instar,
1475 1791 1733 1885 pedum
1789 1794 2203 1884 pernicitate
2258 1789 2631 1880 valebant3

621 1896 829 1964 ctiam
881 1900 1103 1962 artem
1172 1893 1470 1983 sagittas
1531 1912 1701 1962 arcu
1756 1892 2117 1962 emittendi
2173 1894 2433 1985 optime
2484 1890 2633 1963 cal-

621 1991 899 2077 lebant,
951 2012 1221 2061 summa
1275 2002 1478 2063 erant
1528 1992 1856 2078 audacia,
1922 2013 2160 2087 neque
2209 1990 2358 2063 ullo
2413 1992 2632 2063 male-

619 2091 818 2176 ficio,
889 2092 1056 2186 quin
1127 2100 1524 2183 patrarent,
1606 2092 2073 2163 abstinebant.
2187 2090 2279 2162 Hi
2341 2114 2383 2162 a
2447 2114 2631 2184 rege

620 2190 980 2263 Sverrere
1029 2193 1100 2260 in
1152 2189 1476 2284 Uplanda
1530 2194 1770 2278 missi,
1842 2193 2186 2286 praefecto
2240 2195 2400 2263 viro
2450 2215 2629 2287 quo-

618 2292 798 2378 dam,
850 2294 1132 2362 nominc
1184 2289 1417 2378 Hidio,
1472 2291 1689 2363 fratre
1742 2291 2036 2383 Sigurdi
2087 2290 2387 2385 Skjalgi,
2439 2292 2628 2386 apud

615 2391 952 2488 populum
1007 2395 1236 2463 minus
1282 2396 1638 2485 gratioso,
1689 2395 1761 2462 in
1813 2392 2445 2485 Haddingjadalum
2500 2393 2629 2463 de·

617 2503 991 2579 venerunt,
1045 2503 1117 2564 et
1169 2490 1651 2564 Soknadalum
1704 2493 1885 2564 locis
1921 2492 2413 2586 superioribus
2444 2515 2627 2587 prae·

615 2597 974 2686 tea-gressi
1042 2596 1115 2663 in
1165 2590 1706 2665 Thelamarkam
1779 2594 2327 2664 descenderunt.
2432 2592 2622 2684 Qua·

617 2713 901 2787 cunque
969 2696 1109 2763 iter
1173 2692 1534 2779 facerent,
1607 2714 1860 2764 omnes
1928 2691 2287 2779 homines,
2359 2715 2629 2787 pueros

616 2812 863 2878 seneS,
913 2813 1151 2863 mares
1185 2791 1506 2878 feminaS,
1558 2794 2110 2880 interfecerunt3
2164 2798 2332 2888 quin
2376 2814 2630 2865 omnes

613 2893 963 2985 pecudes,
1016 2912 1193 2985 quas
1248 2899 1653 2984 potuerunt,
1708 2894 2197 2979 conciderunt,
2249 2914 2469 2965 canes
2521 2893 2629 2964 fe·

616 2991 875 3085 lesque
928 3001 1003 3063 et
1052 2993 1319 3078 omnia,
1373 2991 1635 3087 quibus
1687 3004 2185 3081 occurrerent,
2256 2996 2635 3065 animantia

615 3104 992 3180 necarunt,
1078 3113 1329 3165 omnes
1396 3103 1664 3166 tractus
1727 3093 2120 3181 habitatoS,
2206 3114 2630 3189 quacunque

617 3196 758 3265 iter
807 3192 1168 3280 facerent,
1243 3195 1731 3265 incenderunt.
1834 3194 2180 3266 Exercitu
2232 3193 2630 3266 collectitio

616 3295 972 3366 adversus
1028 3314 1160 3366 eos
1213 3299 1545 3380 excitato,
1598 3302 1877 3365 montes
1929 3316 2013 3365 ac
2067 3296 2357 3366 deserta
2404 3296 2629 3388 petie-

616 3403 801 3479 runt,
851 3405 1064 3487 atque
1116 3396 1185 3464 in
1242 3415 1329 3465 ea
1379 3416 1673 3488 semper
1723 3396 1886 3466 loca
1931 3398 2381 3466 incursiones
2431 3394 2632 3465 sece-

616 3501 817 3577 rnnt,
888 3492 1008 3565 ubi
1058 3494 1407 3564 adventus
1461 3515 1707 3565 eorum
1761 3518 1801 3565 a
1852 3498 2133 3566 nemine
2187 3496 2629 3568 animadver-

615 3600 923 3679 teretur3
990 3613 1116 3664 eas
1178 3596 1520 3685 regiones
1590 3596 2240 3691 depopulabantur,
2319 3599 2391 3666 in
2452 3616 2630 3689 quas

613 3692 959 3784 regiones
1012 3695 1380 3764 exercitus
1429 3717 1776 3789 nunquam
1828 3704 2034 3768 antea
2073 3696 2330 3768 ductus
2372 3695 2629 3780 fuerat,

619 3813 885 3887 easque
943 3791 1371 3864 hostilitates
1422 3794 1814 3883 faciebant,
1867 3817 2028 3890 quae
2080 3799 2239 3868 sine
2295 3794 2630 3889 exemplo

619 3903 885 3964 essent.
986 3891 1078 3964 Hi
1140 3894 1230 3964 ad
1294 3916 1545 3986 regem
1616 3895 2084 3983 Sverrerem,
2154 3918 2310 3968 cum
2380 3916 2629 3989 rupem

618 3991 1031 4080 obsidebat,
1109 4005 1500 4081 venerunt,
1595 4017 1887 4089 semper
1966 3998 2311 4068 audacter
2387 4004 2633 4068 contra

615 4090 892 4179 Baglos
951 4096 1320 4184 progressi
1393 4104 1592 4177 sunt,
1668 4095 2095 4180 hostemque
2164 4096 2335 4167 telis
2384 4096 2632 4183 fatiga·

689 4221 739 4286 ι)
781 4223 1028 4275 ducentos
1068 4223 1424 4295 quadraginta,
1466 4224 1534 4289 G,
1582 4223 1645 4277 F.
