2950 4709
609 366 671 452 4

710 564 1149 646 BREVIOR
1213 523 1343 643 ET
1407 561 1959 660 ANTlQmoR
2024 521 2181 642 ins
2184 562 2518 644 TORIAE

1345 667 1896 741 PRAEFATIO.

1516 813 1694 828 ῃ

1397 871 1832 969 Ρνοῖοφιεῖ.

611 978 800 1083 Hm
854 1012 1096 1104 incipit
1148 1011 1455 1080 narratio
1495 1010 1584 1080 de
1615 1010 1860 1096 rehuS,
1911 1030 2071 1102 quae
2104 1006 2459 1103 aliquanto
2496 1002 2619 1080 ab·-

552 1173 561 1182 .
611 1114 774 1184 hinc
825 1113 1168 1203 temporis
1206 1113 1473 1203 -spatio,
1532 1120 1604 1181 et
1657 1105 1935 1204 quidem
1967 1129 2212 1179 eorum
2257 1113 2623 1195 memoria,

616 1236 717 1294 ex
764 1233 1062 1307 quorum
1114 1208 1461 1282 relatione
1516 1208 1656 1278 hoc
1711 1230 1893 1301 opus
1943 1210 2234 1301 primum
2268 1211 2620 1305 composi-

612 1325 759 1384 tum
821 1318 971 1395 est,
1039 1310 1485 1381 acciderunt:
1568 1309 1883 1379 nimirum
1937 1312 2240 1378 narratio
2297 1309 2386 1378 de
2439 1329 2619 1399 rege

588 1411 1002 1496 eSverrere,
1051 1408 1199 1479 filio
1255 1409 1452 1499 regis
1493 1402 2102 1500 SigurdiHaraldi
2154 1406 2296 1478 filii.
2400 1406 2623 1499 Cujus

617 1512 861 1605 operis
928 1531 1095 1602 pars
1161 1511 1357 1601 prior
1429 1511 1788 1600 exscripta
1850 1516 1963 1578 est
2013 1506 2405 1578 secundum
2459 1523 2623 1577 eum

614 1611 911 1695 librum,
980 1630 1189 1703 quem
1261 1607 1505 1693 abhas⁴
1536 1605 1842 1677 Carolus
1892 1606 2103 1678 Jonis
2170 1605 2392 1692 filius,
2462 1608 2623 1699 ipso

615 1713 778 1802 regi
829 1707 1189 1794 Sverrere
1241 1716 1601 1801 praesente
1667 1706 1776 1801 [et
1825 1729 2060 1779 rerum
2117 1705 2627 1777 describenda-⁴

615 1833 771 1883 rum
833 1805 1161 1893 arbim-02,
1230 1809 1495 1899 primus
1563 1809 1999 1899 composuit3
2080 1828 2238 1900 quae
2315 1808 2622 1876 narratio

615 1931 760 1979 non
811 1905 1030 1998 longe
1081 1905 1384 1998 repetita
1436 1916 1567 1975 est.
1645 1901 1724 1974 In
1761 1901 1894 1975 hac
1934 1917 2132 1997 parte
2168 1904 2437 1999 aliquot
2467 1908 2625 1997 ejus

616 2006 864 2102 praelia
933 2013 1414 2098 exponuntur,
1486 2025 1623 2098 qua
1689 2005 2132 2098 procedente
2202 2014 2626 2075 crescentes

621 2128 804 2201 opes
861 2108 1016 2197 ejus
1069 2125 1194 2175 res
1247 2106 1556 2195 majores
1609 2104 2067 2197 portendunt3
2121 2104 2310 2174 unde
2340 2103 2627 2189 factum,

618 2216 698 2277 ut
749 2207 944 2299 prior
996 2206 1238 2297 operis
1292 2224 1456 2295 pars
1510 2203 1744 2298 Gryla
1795 2198 2189 2296 (terricula)
2226 2213 2626 2275 vocaretur.

616 2303 999 2375 Posterior
1051 2303 1290 2395 operis
1356 2325 1524 2396 pars
1592 2306 1985 2396 composita
2056 2313 2170 2374 est
2229 2325 2319 2372 ex
2377 2325 2625 2373 eorum

619 2403 995 2489 relatione,
1049 2404 1169 2497 qui
1218 2399 1405 2473 bona
1455 2404 1733 2496 praediti
1782 2406 2121 2474 memoria
2171 2406 2304 2495 ipsi
2341 2403 2469 2473 has
2500 2424 2625 2474 res

618 2504 945 2576 viderant
995 2512 1069 2573 et
1116 2501 1568 2590 audiverant,
1639 2507 1933 2597 quorum
1990 2500 2308 2574 nonnulli
2359 2501 2629 2594 praeliis

621 2626 778 2675 cum
847 2624 1028 2694 rege
1098 2600 1454 2672 Sverrere
1522 2603 2006 2673 interfuerant.
2093 2601 2457 2693 ‘Quaedam
2530 2622 2626 2673 ex

620 2703 735 2773 his
785 2699 1007 2771 rebus
1057 2710 1192 2771 tam
1246 2700 1442 2770 fideli
1494 2704 1851 2771 memoriae.
1889 2694 2236 2770 mandatae
2266 2699 2497 2787 fuere,
2549 2709 2630 2774 ut
2732 2694 2736 2698 ’

627 2799 989 2894 extemplo
1055 2819 1315 2870 recens
1381 2800 1588 2870 factae
1651 2799 1880 2871 literis
1946 2801 2379 2891 consignatae
2445 2804 2628 2890 sint3

618 2900 819 2998 [quae
869 2909 1123 2993 postea
1174 2897 1549 2970 immutatae
1582 2895 2044 2987 manseruntss.
2124 2898 2274 2970 Sed
2311 2900 2466 2971 fieri
2499 2922 2627 2994 po-

624 3009 791 3084 test,
843 3003 908 3069 si
958 2999 1282 3069 homines
1331 2997 1575 3070 harum
1605 3019 1844 3084 rerum
1877 2999 2285 3071 uberiorem
2316 3002 2630 3071 notitiam

625 3098 977 3169 hahentes
1025 3097 1166 3169 hoe
1218 3119 1401 3191 opus
1453 3098 1798 3186 viderint,
1865 3098 1977 3170 his
2035 3109 2112 3170 ut
2162 3120 2286 3169 res
2340 3097 2629 3192 quibus-

608 3200 785 3270 dam
836 3198 1020 3271 locis
1073 3200 1320 3289 majori
1370 3198 1823 3271 festinatione
1851 3208 2278 3296 properatae,
2332 3202 2628 3270 omissa-

627 3320 766 3394 que
817 3298 1028 3368 multa
1078 3297 1311 3368 relatu
1349 3298 1560 3391 digna
1589 3299 1977 3370 videantur.
2084 3297 2385 3388 QuihuS,
2438 3302 2502 3369 si
2535 3301 2634 3370 ita

623 3397 996 3491 placuerit,
1052 3397 1302 3466 eadem
1354 3397 1625 3467 addere
1676 3395 1888 3468 facile
1936 3399 2097 3466 erit.
2196 3396 2354 3466 Etsi
2394 3407 2632 3469 autem

625 3496 768 3567 hoc
819 3498 889 3564 in
944 3513 1166 3588 opere
1219 3497 1541 3590 quaedam
1594 3497 1803 3566 aliter
1830 3497 1971 3566 sint
2001 3498 2347 3589 exposita,
2402 3520 2633 3591 quam,

626 3598 902 3665 ratione
956 3594 1189 3663 hahita
1236 3597 1596 3687 copiarum
1634 3596 1926 3679 numeri,
1979 3593 2194 3665 solito
2225 3596 2633 3688 praeliorum

631 3696 922 3765 eventui
972 3696 1357 3764 convenire
1385 3693 1735 3782 videatur,
1780 3693 2210 3782 tameuhaee
2253 3706 2457 3767 aucta
2490 3717 2634 3767 non

631 3813 803 3865 esse
857 3812 1105 3863 omnes
1139 3803 1412 3876 norunt.
1490 3792 1657 3884 Quo
1685 3793 1895 3866 nobis
1925 3815 2103 3866 vero
2135 3793 2435 3875 similius
2461 3816 2633 3868 esse

628 3892 935 3978 videtur,
985 3891 1196 3961 fidem
1247 3896 1509 3965 mereri
1549 3898 2014 3979 narrationeS,
2065 3915 2225 3987 quae
2256 3892 2346 3963 de
2378 3896 2635 3987 priscis

629 3994 802 4063 viris
857 3990 1377 4064 excellentibus
1428 3996 1770 4066 mandatae
1823 3995 2050 4066 literis
2103 4003 2284 4063 sunt.

702 4118 752 4188 ¹)
791 4119 1017 4176 historiae
1052 4121 1323 4192 sven-reris,
1358 4125 1487 4178 add.
1525 4123 1588 4177 G.
1670 4124 1726 4192 ¹)
1764 4121 1933 4177 omitt.
1975 4119 2039 4174 G.
2121 4120 2169 4188 ⁸)
2208 4120 2377 4175 omitt.
2422 4120 2491 4178 G.
