2950 4709
363 366 566 433 (251,
798 367 1164 417 urs-rotun
1219 365 1442 416 παις
1500 367 1935 416 svnnmzms.
2255 343 2374 430 89

364 570 575 621 onem
645 569 911 626 versus
964 549 1250 639 demus,
1315 545 1453 624 nec
1519 552 1659 625 hoc
1727 549 1894 624 loco
1960 573 2119 624 cum
2188 555 2370 645 rege

362 650 663 742 Magno,
713 649 1009 723 nume'ro
1060 655 1419 745 copiarum
1471 651 1693 724 multo
1723 650 2157 745 praevalenti,
2198 673 2369 723 con-

287 805 296 812 .
362 750 709 841 ssigamus.
808 750 1039 843 Hujus
1090 755 1271 822 enim
1313 761 1529 823 terrae
1583 752 1960 845 populum,
2008 753 2093 822 ‘si
2130 769 2372 826 ,naves

361 859 651 921 nostras
701 853 1116 937 amittimuS,
1167 851 1386 923 multo
1437 852 1893 936 ferociorem,
1947 872 2151 946 quam
2202 871 2370 945 pes-

364 951 593 1022 simos
656 948 1020 1035 ethnicos,
1094 953 1589 1043 experiemur3
1670 953 1789 1044 qui
1856 950 1997 1022 hoc
2063 949 2232 1023 loco
2297 951 2371 1019 in

364 1057 793 1143 potestatem
853 1049 1395 1142 Heklungorum
1464 1060 1587 1122 aut
1634 1048 2049 1123 Vikensium
2109 1063 2371 1145 perve⁴

362 1151 587 1235 uerit,
661 1152 730 1220 ei
796 1149 989 1221 nulla
1056 1171 1231 1242 spes
1300 1147 1551 1222 salutis
1618 1149 1895 1245 reliqua
1962 1160 2094 1222 est.
2194 1149 2372 1220 Haec

368 1252 597 1320 oratio
633 1271 882 1342 magna
927 1249 1431 1323 acclamatione
1478 1259 1804 1343 excepta,
1856 1248 2371 1343 consiliumque

366 1352 525 1440 ejus
577 1347 664 1418 ab
718 1350 1040 1421 omnibus
1088 1349 1457 1444 probatum
1508 1359 1660 1439 est3
1725 1353 1963 1443 itaque
2020 1370 2113 1421 ex
2161 1359 2373 1443 portu

363 1452 816 1540 remigarunt.
918 1449 1095 1520 Cum
1150 1471 1330 1521 vero
1373 1450 1776 1537 Birkibeini
1824 1448 1989 1520 vela
2037 1447 2371 1520 sustulis-

366 1559 552 1635 sent,
605 1548 863 1620 classis
912 1553 1113 1641 regis
1139 1549 1391 1643 Magni
1442 1573 1487 1621 a
1540 1550 1922 1620 meridiana
1955 1548 2121 1619 freti
2169 1557 2373 1641 parte

365 1647 644 1720 obviam
714 1651 823 1719 eis
887 1648 1293 1738 ferebatur3
1372 1654 1812 1743 primumque
1879 1647 2176 1720 celoces
2226 1647 2371 1719 He-

367 1747 791 1842 klungorum
859 1758 996 1821 tam
1065 1770 1291 1843 prope
1340 1748 1837 1835 BirkibeinoS,
1904 1757 1985 1821 ut
2042 1745 2177 1818 suh
2228 1751 2375 1819 ictu

365 1847 496 1919 teli
564 1841 851 1935 essent,
932 1859 1430 1936 accesserunt,
1498 1868 1735 1944 neque
1806 1851 1991 1920 enim
2057 1866 2144 1918 se
2213 1869 2373 1919 cum

366 1947 749 2041 majoribus
813 1950 1113 2022 navibus
1190 1954 1629 2044 conjungere
1708 1948 2102 2034 audebant,
2183 1947 2377 2042 quod

363 2056 509 2119 tum
561 2048 867 2119 futurum
916 2048 1272 2143 putabant,
1322 2058 1399 2121 ut
1446 2072 1572 2121 res
1604 2052 2022 2122 necessario
2071 2048 2162 2118 ad
2215 2056 2375 2118 cer-‘

364 2157 602 2219 tamen
653 2152 951 2220 veniret.
1048 2148 1382 2243 Eyolvus
1428 2149 1596 2221 Aflii
1645 2149 1870 2235 filius,
1949 2152 2071 2244 qui
2139 2147 2373 2220 celoci

305 2297 310 2304 -
363 2246 595 2319 Revae
651 2249 858 2320 dictae
909 2260 1236 2343 praeerat,
1288 2254 1360 2320 in
1405 2272 1653 2322 navem
1681 2248 2065 2341 Ulvi-Flyi,
2119 2247 2374 2320 celoce

365 2369 410 2420 a
460 2350 676 2441 puppi
707 2351 889 2440 -ejus
940 2348 1280 2442 religata,
1348 2350 1842 2422 transscendit.
1956 2349 2377 2419 Vehebatur

365 2469 553 2519 nave
605 2447 776 2520 Ulvi
823 2447 1099 2521 Paulus
1148 2448 1391 2537 Flida,
1442 2450 1636 2521 filius
1684 2447 1967 2520 Nicolai
2015 2446 2377 2537 Kuvungi,

297 2610 315 2628 .
365 2557 578 2620 aetate
629 2570 845 2642 puer,
915 2570 1123 2643 quem
1189 2549 1581 2622 Birkibeini
1651 2547 1869 2643 paulo
1921 2555 2084 2618 ante
2136 2549 2375 2618 vivum

367 2658 710 2741 ceperant
752 2670 1057 2720 ‚unacum
1111 2650 1500 2722 educatore
1554 2652 1748 2745 ejus:
1802 2648 1918 2719 hie
1969 2664 2378 2733 accurrens,

365 2768 596 2840 puero
657 2751 731 2817 in
797 2747 1004 2819 ulnas
1070 2759 1406 2844 recepte,
1474 2753 1546 2821 in
1612 2749 1941 2822 celocem
1994 2746 2256 2819 desiliit
2306 2755 2382 2818 et

369 2848 734 2941 extemplo
780 2846 1057 2920 vincula
1110 2850 1465 2941 praecidit3
1518 2873 1661 2946 quo
1716 2850 1905 2942 facto
1959 2847 2286 2920 celocem
2337 2865 2382 2918 a

366 2949 527 3018 navi
582 2947 950 3042 depulsam
1002 2947 1263 3021 milites
1312 2949 1565 3043 Magni
1613 2953 1814 3042 regis
1870 2957 2273 3042 ceperunt„
2307 2956 2383 3019 et

364 3048 463 3116 ita
514 3046 860 3119 Nicolaus
908 3048 1312 3141 Kuvungus
1361 3049 1573 3121 filium
1643 3070 1846 3121 suum
1907 3049 2381 3141 recuperavit.

364 3144 674 3239 Utrique
742 3148 1045 3220 telorum
1126 3152 1457 3241 conjectu
1508 3147 2097 3231 vulnerabantur,
2173 3148 2383 3238 pauci

369 3247 821 3337 ceciderunt3
890 3251 1174 3342 utrique
1243 3246 1454 3319 simul
1520 3246 1708 3318 velis
1775 3248 2134 3340 remisque
2186 3245 2380 3316 fere-

217 3335 244 3350 ‘
355 3343 655 3432 bantur,
738 3349 928 3419 unde
1005 3369 1233 3420 naves
1307 3351 1620 3441 majores
1687 3346 1938 3438 Magni
2021 3347 2219 3436 regis
2289 3344 2380 3415 ad

367 3447 577 3515 ictum
615 3446 743 3518 teli
772 3451 1153 3542 pervenire
1193 3469 1335 3519 non
1365 3456 1784 3541 potnerunt3
1839 3448 2070 3518 omnia
2121 3444 2378 3516 cohor-

366 3549 655 3617 tantium
721 3549 1023 3621 vocibus
1090 3552 1473 3644 sonituque
1527 3548 1847 3620 tubarum
1899 3554 2102 3618 erant
2148 3544 2381 3640 plena.
2489 3571 2494 3576 ·

363 3642 532 3716 Rex
582 3645 936 3736 Sverrer,
1002 3649 1255 3723 celoce
1307 3669 1746 3734 conscensa,
1807 3655 2104 3740 propter
2152 3663 2381 3718 naves

304 3823 315 3832 ‚
364 3765 538 3818 suas
602 3752 1002 3841 remigans,
1086 3771 1266 3821 suos
1333 3749 1654 3822 consiliis
1721 3748 2016 3839 adjuvit,
2101 3766 2378 3839 eosque

364 3844 530 3917 vela
580 3850 723 3920 cito
776 3859 1205 3922 convertere
1260 3861 1334 3921 et
1381 3869 1609 3920 naves
1635 3851 1708 3917 in
1743 3856 2120 3940 angustum
2153 3845 2378 3940 quod·

295 4011 315 4032 ,
364 3945 527 4017 dam
593 3946 856 4021 fretum
923 3953 1111 4020 inter
1176 3949 1446 4022 insulas
1499 3949 1815 4039 dirigere
1868 3948 2112 4039 jussit3
2187 3945 2380 4038 quod

363 4056 443 4117 et
506 4045 855 4121 fecerunt.
959 4048 1325 4121 classiarii
1389 4069 1572 4124 vero
1639 4050 1840 4139 regis
1905 4046 2191 4136 Magni,
2257 4046 2380 4136 qui

361 4167 650 4222 cursum
701 4170 836 4242 per
884 4151 1191 4224 medium
1223 4143 1869 4232 fretumteneb‘ant,
1920 4142 2376 4216 Birkibeinos
