2950 4709
359 290 566 363 (233,
797 293 1162 345 HISTORIA
1216 296 1441 346 neers
1495 298 1933 348 suzannam·
2252 269 2373 362 59

354 502 701 574 perquam
753 500 915 551 rara
966 483 1363 553 existerent
1413 479 1769 577 exempla,
1820 478 2181 575 fugientes
2225 480 2404 553 for·->

360 592 569 654 tunas
621 602 797 653 suas
847 588 969 653 ant
1018 603 1246 654 naves
1296 585 1432 668 ita,
1496 593 1576 654 ut
1623 582 1697 654 hi
1746 582 2136 670 fecissent,
2203 578 2373 653 reli-

364 685 650 777 quisse3
701 680 1019 768 addenS,
1068 684 1416 754 incertum
1465 683 1702 755 adhuc
1757 703 1954 769 esse,
2003 685 2143 755 utri
2194 680 2374 754 alte·
2435 757 2440 760 .

364 803 605 853 rorum
674 780 887 852 bonis
953 790 1072 852 aut
1135 781 1438 862 navibus
1489 787 1904 876 potirentur.
2006 782 2378 854 classiarii

364 876 565 973 regis
584 882 830 975 Magni
855 880 1275 975 Erlingique
1307 884 1655 975 dynastae,
1704 882 2003 955 navibus
2029 882 2122 954 ad
2138 880 2375 955 Bratt-

296 999 303 1004 ·
367 1003 613 1073 eyram
668 992 867 1054 extra
905 979 1428 1075 Skipakrokum
1481 982 1825 1077 appulsiS,
1879 985 2167 1076 egressi
2195 991 2381 1054 sunt.

366 1081 505 1153 Hic
558 1081 857 1173 dynasta
908 1083 981 1151 in
1030 1090 1290 1153 terram
1346 1104 1765 1170 excurrens,
1817 1105 1976 1155 cum
2026 1085 2100 1153 in
2148 1104 2384 1176 genua

366 1182 750 1301 prolapsus
797 1180 1118 1254 manibus
1170 1204 1257 1254 se
1289 1184 1739 1277 excepisset.
1723 1209 1739 1225 ·
1796 1183 2042 1303 lapsus
2074 1184 2385 1256 faustum

372 1284 649 1353 itineris
698 1301 935 1368 omen,
986 1284 1228 1375 inquit.
1303 1282 1619 1369 Deinde,
1669 1293 1749 1356 ut
1781 1286 2084 1379 quisque
2136 1286 2210 1355 in
2237 1293 2383 1355 ter·

370 1405 521 1455 ram
577 1402 927 1474 egressus
979 1392 1412 1479 paratusque
1468 1393 1644 1471 erat,
1693 1407 1853 1457 cum
1906 1386 2130 1456 sociis
2170 1404 2386 1457 nava·

369 1469 564 1555 libus
632 1503 766 1576 per
835 1479 1112 1576 plateas
1179 1483 1723 1557 adscenderunt.
1819 1483 2196 1577 Dynasta,
2265 1486 2390 1578 qui

373 1606 461 1677 p1
465 1605 645 1656 imus
699 1605 858 1654 cum
909 1586 1066 1653 suis
1115 1593 1401 1676 paratus
1455 1594 1633 1673 erat,
1693 1606 1851 1654 cum
1903 1586 2393 1656 coemeterium

374 1685 557 1756 aedis
613 1682 879 1753 Christi
933 1692 1503 1776 praetergressus
1553 1707 1771 1780 supra
1820 1684 2024 1756 aedes
2069 1686 2393 1777 episcopi

375 1785 469 1856 ad
520 1792 810 1878 pontem
861 1787 1342 1876 pervenisset,
1392 1785 1741 1859 vexillum
1782 1781 1985 1878 regis
2013 1781 2394 1856 Sverreris

377 1883 721 1957 celeriter
770 1882 971 1970 ferri,
1030 1886 1288 1978 viaque
1339 1886 1623 1979 publica
1673 1884 2172 1984 Kleppabuum
2223 1904 2391 1958 ver-

377 2007 510 2057 sus
575 1984 879 2054 tendere
957 1988 1373 2078 conspexit,
1458 1987 1597 2059 sub
1680 2009 1824 2083 quo
1910 2007 2072 2058 cum
2141 2005 2396 2077 regem

378 2088 893 2177 maximamque
967 2095 1236 2177 partem
1308 2092 1672 2160 exercitus
1748 2089 2028 2160 versari
2092 2092 2397 2181 putaret,

380 2194 598 2279 ponte
645 2187 990 2276 trajecto,
1061 2187 1132 2255 in
1181 2183 1681 2280 Sprotavallos
1731 2186 2125 2260 adscendit.
2179 2261 2195 2270 .
2224 2184 2398 2257 Rex

383 2294 619 2356 autem
687 2283 1005 2356 Sverrer
1073 2309 1232 2359 cum
1316 2291 1620 2361 maxima
1692 2309 1985 2360 suorum
2052 2294 2256 2382 parte
2324 2287 2400 2355 in

383 2385 576 2459 valle
631 2385 978 2480 quadam,
1008 2409 1166 2480 quae
1204 2386 1392 2459 haud
1433 2387 1652 2479 longe
1686 2409 1729 2458 a
1781 2396 1995 2481 ponte
2023 2407 2245 2479 supra
2271 2384 2397 2456 cli-

385 2509 553 2558 vum
620 2506 1000 2557 arenosum
1069 2486 1485 2558 inferiorem
1535 2490 1669 2559 sita
1723 2496 1876 2573 est,
1950 2484 2419 2565 recubuerat.

389 2583 624 2676 Quem
676 2586 819 2657 hoc
870 2585 1034 2658 loco
1067 2590 1480 2676 constitisse
1524 2591 1862 2681 ignorans
1899 2586 2222 2680 dynasta,
2272 2605 2403 2661 no-

387 2689 685 2757 vissimo
752 2689 1010 2780 agmini
1082 2689 1444 2780 carpendo
1525 2692 1837 2760 intentus
1919 2696 2091 2760 erat.
2219 2685 2406 2762 Mox
2461 2774 2468 2777 ,

388 2784 785 2857 Birkibeini
812 2808 1383 2876 consurrexere,
1436 2811 1712 2883 eosque
1743 2789 1972 2860 adorti
1997 2798 2181 2861 sunt.
2242 2785 2404 2878 Dy-

390 2897 593 2958 nasta
644 2887 736 2958 ad
787 2897 1072 2981 pontem
1126 2908 1213 2960 se
1268 2894 1565 2984 recepit,
1620 2911 1848 2985 eaque
1893 2890 2194 2974 transiit,
2241 2883 2406 2957 Bit.

392 2987 698 3058 kibeinis
747 3009 990 3081 usque
1034 2988 1123 3062 ad
1175 3010 1545 3082 aggerem,
1596 2994 1716 3083 qui
1767 2992 1953 3061 inter
2001 2996 2290 3081 pontem
2333 2994 2409 3057 et

393 3087 729 3181 oppidum
785 3088 1041 3160 ductus
1095 3101 1287 3176 erat,
1335 3088 1896 3184 insequentibus.
2000 3086 2185 3178 Qui,
2248 3107 2408 3158 cum

397 3188 765 3257 exercitus
832 3187 1084 3280 Magni
1153 3191 1356 3281 regis
1420 3202 1495 3260 ct
1558 3188 1881 3279 dynastae
1948 3207 2061 3272 ex,
2092 3184 2412 3256 inferiori

395 3285 564 3358 loco
618 3286 974 3361 adversus
1026 3310 1162 3361 eos
1212 3289 1512 3375 subiret,
1561 3308 1705 3386 per
1745 3295 2032 3383 pontem
2061 3286 2411 3376 regressi,

397 3385 542 3458 tela
610 3395 804 3458 trans
871 3387 1158 3464 fluvium
1227 3392 1707 3482 conjecerunt.
1835 3386 2166 3480 Dynasta
2231 3405 2412 3457 suos
2487 3443 2494 3452 ι

400 3495 606 3562 extra
656 3488 868 3558 ictum
923 3488 1047 3558 teli
1099 3490 1480 3578 recedere,
1530 3493 1606 3560 in
1654 3511 1832 3582 agro
1875 3486 2283 3573 considere,
2338 3495 2415 3557 et

400 3587 567 3680 quid
623 3595 926 3678 agerent
973 3585 1394 3678 Birkibeini,
1445 3590 1843 3663 observare
1865 3590 2105 3682 Jussit.
2186 3583 2411 3657 Sver-

398 3705 521 3757 rer
589 3708 876 3781 quoque
947 3709 1083 3760 rex
1147 3711 1304 3761 cum
1377 3694 1534 3762 suis
1584 3692 1655 3760 in
1704 3689 1846 3762 alio
1899 3687 2067 3762 loco
2118 3695 2416 3781 propter

400 3787 864 3881 crepidinem,
906 3790 1107 3880 juxta
1159 3791 1415 3862 clivum
1446 3793 1830 3863 arenosum
1873 3792 2103 3875 sitam,
2157 3807 2415 3860 conse-

398 3885 538 3973 dit3
607 3890 716 3958 sic
767 3890 1050 3982 utrique
1101 3888 1193 3960 ad
1243 3890 1535 3962 multum
1588 3890 1777 3961 diem
1828 3887 2200 3962 sedebant.
2301 3885 2415 3956 ln-

399 3988 605 4057 terim
673 3985 941 4060 milites
998 3992 1207 4080 regis
1253 3990 1508 4084 Magni
1571 3992 1996 4063 cerevisiam
2046 3987 2416 4060 delicatio·

402 4101 554 4160 rem
607 4085 746 4161 sib-i
801 4107 898 4160 ex
952 4089 1213 4186 oppido
1266 4089 1698 4165 afferendam
1754 4095 2104 4163 curarunt.
2204 4081 2419 4158 Multi
