2950 4709
347 379 422 447 u.
453 374 674 444 72:73.
787 377 1156 431 maronia
1209 377 1435 429 nnsis
1491 376 1929 429 svnnnsms.
2199 337 2367 443 125

347 584 577 636 naves
626 565 943 635 assecuti
995 564 1181 639 sunt.
1257 561 1426 634 Rex
1475 559 1793 634 Sverrer
1840 581 2000 632 cum
2029 563 2183 633 suis
2235 582 2368 656 per
2418 581 2425 590 ·

348 684 589 736 arcem
640 667 713 734 in
765 662 1218 734 tabernacula
1269 683 1355 733 se
1406 666 1724 755 recepit,
1774 664 2074 731 maxima
2124 663 2369 755 praeda

348 785 725 851 armorum,
776 767 1384 849 vestimentorum,
1437 766 1589 833 auri
1632 765 2052 856 argentique
2083 765 2369 855 potitus».

347 862 665 936 Postero
733 883 980 950 manc,
1050 862 1172 935 ubi
1240 862 1506 949 illuxit,
1586 859 1985 932 Birkibeini
2063 881 2371 955 corpora

346 962 891 1056 Heklungorum
955 965 1028 1034 in
1090 956 1379 1057 cumpis'
1425 958 1795 1034 confertim
1840 964 2145 1053 jacentia
2198 984 2369 1034 con-

349 1072 765 1158 spexerunt.
838 1063 1004 1135 Rex
1033 1062 1349 1156 Magnus
1401 1084 1488 1135 ac
1541 1065 1653 1133 sui
1686 1061 2015 1133 Holmum
2067 1062 2369 1150 advecti,

280 1186 284 1191 ·
348 1163 618 1258 paucis‘
649 1173 818 1257 post
870 1163 1202 1235 noctibus
1274 1184 1368 1234 ex
1419 1161 1950 1233 Thrandhcimo
2005 1163 2369 1235 discesse-

350 1274 555 1351 runt,
628 1273 702 1334 et
751 1265 1120 1335 meridiem
1170 1283 1434 1335 versus
1484 1262 1770 1354 Bergas
1821 1261 2128 1356 profecti
2177 1273 2369 1349 sunt,

348 1385 602 1457 magna
650 1363 857 1435 clade
907 1372 1235 1458 accepta3
1287 1364 1402 1436 hic
1452 1384 1589 1433 rex
1617 1366 2006 1456 proximam
2061 1363 2369 1434 hiemem

349 1469 420 1537 in
473 1466 737 1560 oppido
791 1466 1207 1550 consumsit,
1257 1485 1392 1535 rex
1432 1462 1750 1535 Sverrer
1797 1484 1884 1535 ac
1932 1466 2048 1536 sui
2097 1466 2169 1534 in
2222 1484 2370 1534 em·

348 1569 557 1661 porio
609 1586 697 1639 se
748 1563 1221 1639 continebant.
1616 1626 1629 1630 -

971 1665 1122 1755 Βινεκ
1142 1682 1321 1759 reeyc
1372 1657 1752 1734 Svmere.

552 1764 671 1838 73.
770 1766 1043 1838 Eadem
1110 1764 1347 1836 hieme
1415 1784 1550 1834 rex
1616 1761 1934 1834 Sverrer
1998 1783 2232 1835 arcem
2297 1765 2367 1833 in

354 1864 830 1960 Steinbjargis
860 1866 1300 1938 condendam
1332 1866 1626 1949 curavit,
1682 1863 2165 1958 perfectisque
2217 1867 2364 1935 ine-

352 1976 525 2039 unte
591 1968 813 2060 longo
879 1970 1140 2060 jeJunio
1210 1968 1436 2058 regiis
1499 1964 1776 2035 aedibus
1838 1966 1909 2033 in
1975 1986 2212 2037 arcem
2279 1986 2367 2037 se

356 2066 673 2154 contulit,
732 2068 973 2162 ibique
1026 2068 1360 2160 sequenti
1395 2085 1571 2137 vere
1627 2087 1784 2135 cum
1823 2075 2023 2159 parte
2075 2065 2369 2137 militum

355 2168 648 2239 assidue
699 2188 786 2239 se
839 2165 1267 2253 continebat,
1318 2174 1519 2259 parte
1573 2168 1644 2239 in
1697 2167 1956 2258 oppido
2008 2177 2368 2238 versant&

354 2267 628 2339 Eadem
676 2267 914 2341 bieme
983 2261 1272 2339 navem·
1304 2270 1375 2336 in
1423 2263 1953 2336 Thr-andbeimo
2017 2266 2368 2338 aedifican-

359 2368 518 2439 dam
568 2371 863 2456 curavit,
918 2379 1207 2441 ceteras
1259 2388 1419 2462 quae
1470 2376 1639 2437 tunc
1674 2367 2017 2458 temporis
2070 2364 2372 2439 haberet

353 2466 744 2560 Norvegia,
791 2469 1273 2562 magnitudine
1326 2465 1611 2536 multum
1660 2475 2144 2558 superantem3
2214 2477 2369 2538 erat

356 2571 536 2639 enim
610 2572 892 2662 triginta
952 2572 1161 2641 trium
1226 2565 1903 2652 interscalmiorum,
1988 2564 2364 2661 solidaque

352 2672 666 2741 materiae
696 2670 1020 2741 firmitate
1056 2678 1435 2763 praestans3
1490 2687 1648 2761 quae
1700 2669 1904 2739 navis
1944 2666 2367 2738 Mariosuda

350 2767 722 2863 appellata.
823 2769 1036 2842 Nova
1084 2770 1321 2840 hieme
1371 2768 1668 2854 accidit,
1732 2775 1812 2838 ut
1859 2787 1995 2838 rex
2047 2763 2366 2839 Sverrer

354 2870 471 2941 die
522 2870 823 2963 quodam
894 2878 969 2942 et
1017 2868 1278 2941 milites
1341 2877 1416 2939 et
1464 2867 1860 2963 oppidanos
1911 2865 2220 2938 classico
2270 2867 2362 2939 ad

350 2970 727 3043 concilium
779 2972 1162 3042 convocari
1203 2968 1514 3061 juberet.
1593 2966 1729 3040 Hic
1785 2988 1921 3038 rex
1973 2969 2365 3039 orationem

349 3068 629 3158 babuit,
682 3071 969 3142 dicens:
1023 3072 1093 3140 in
1143 3072 1353 3141 tantis
1405 3090 1542 3139 nos
1593 3067 2017 3162 aliquamdiu
2069 3066 2365 3139 difficul-

349 3169 614 3242 tatibus
662 3172 980 3262 utrique‚
1048 3178 1126 3240 et
1185 3171 1412 3240 nostri
1472 3168 1948 3262 oppidanique
2003 3177 2077 3239 et
2127 3167 2368 3239 coloni

351 3289 639 3364 quoque
691 3269 879 3340 bunc
929 3291 1183 3363 pagum
1227 3267 1725 3354 inhabitantes,
1776 3270 2043 3338 versati
2095 3288 2365 3355 sumus,

348 3376 431 3441 ut
478 3367 662 3442 hanc
711 3372 1084 3463 regionem
1133 3369 1362 3442 fames
1430 3377 1506 3440 et
1555 3370 1792 3461 inopia
1838 3367 2119 3438 tandem
2172 3371 2365 3438 inva-

348 3471 549 3555 serit,
602 3471 792 3563 quod
845 3470 1002 3541 fieri
1052 3490 1365 3541 necesse
1420 3478 1613 3555 erat,
1680 3489 1838 3540 cum
1901 3477 2090 3539 tanta
2139 3468 2365 3540 homi-

346 3589 512 3639 num
563 3569 934 3642 multitudo
1003 3572 1074 3640 in
1143 3571 1400 3641 eodem
1450 3572 1613 3640 sinu
1665 3589 1797 3662 per
1860 3567 2039 3641 duas
2087 3568 2366 3643 hiemes

346 3667 704 3741 alimentis
755 3678 1151 3742 sustentata
1184 3669 1424 3756 fuerit,
1479 3690 1572 3739 ex
1624 3689 1763 3762 quo
1813 3689 2037 3739 naves
2077 3675 2365 3741 nostras

345 3771 744 3857 amisimuS,
812 3791 1102 3864 quarum
1146 3772 1423 3862 jactura
1473 3771 1774 3838 maxima
1837 3768 2046 3840 nobis
2095 3772 2362 3840 incom-

346 3869 559 3941 moda
612 3869 875 3959 attulit3
945 3872 1016 3939 in
1082 3869 1224 3940 hoc
1289 3873 1526 3940 autem
1593 3869 1751 3939 sinu
1802 3871 2008 3961 copia
2058 3871 2362 3956 navium,

346 3972 711 4041 maritimis
742 3969 1315 4064 expeditionibus
1335 3969 1775 4055 idonearum,
1817 3977 2146 4062 qnantum
2179 3972 2358 4057 scio,

348 4089 494 4140 non
560 4073 908 4165 suppetit:
993 4090 1151 4141 nam
1221 4072 1284 4139 si
1335 4089 1583 4163 qnam,
1620 4093 1625 4096 ·
1657 4065 2092 4154 Birkibeini,
2152 4090 2358 4162 spem

346 4167 714 4257 haberem,
766 4169 976 4243 nobis
1027 4167 1170 4244 hoc
1219 4167 1387 4241 loco
1430 4167 1593 4240 fore
1620 4170 1902 4239 navium
1932 4165 2360 4254 facultatem,
