2950 4709
555 308 723 395 152
984 333 1350 384 maronia
1405 332 1628 384 nnsis
1683 332 2118 381 svnnnmm.
2351 331 2560 397 αδδ.

556 517 837 590 obviam
885 519 1039 591 suis
1091 516 1609 589 contendentes
1662 526 1855 598 tanto
1908 518 2294 588 certamine
2346 519 2558 587 remi-

556 620 747 708 gium
797 617 1177 709 urgebant,
1249 627 1324 689 ut
1390 619 1683 709 propius
1746 617 2026 687 advecti
2078 636 2322 687 remos
2375 619 2562 687 inter

554 738 639 787 se
711 717 1230 808 abstergerent.
1346 714 1527 787 Tum
1595 737 1765 786 rex:
1843 716 2032 800 haud
2096 737 2222 786 res
2288 726 2559 787 nostrae

553 820 940 909 patiuntur,
968 819 1249 911 inquit,
1300 826 1379 887 ut
1427 815 1633 887 alteri
1684 815 1932 887 alteris
1982 818 2351 907 remigium
2402 814 2558 886 vul·-

556 920 843 987 nerctis.
947 917 1129 990 Mox
1194 937 1372 987 suos
1438 915 1526 985 ad
1581 925 1839 986 terram
1892 915 2263 1008 appellere
2318 915 2558 1009 ibique

556 1017 933 1086 adventum
1003 1019 1203 1107 regis
1254 1017 1503 1107 Magni
1576 1025 2002 1108 exspectare
2049 1019 2278 1107 jussit.
2377 1013 2560 1084 Tum

555 1137 730 1188 saxa
779 1119 852 1184 in
905 1125 1131 1186 naves
1187 1125 1595 1207 exportata,
1656 1115 2024 1209 lateraque
2077 1118 2351 1185 navium
2403 1113 2559 1208 plu-

556 1218 696 1287 teis
748 1217 1162 1285 communita
1217 1223 1434 1285 erant.
1538 1214 1703 1285 Rex
1753 1214 2141 1286 retinacula
2194 1236 2287 1284 ex
2340 1216 2559 1286 omni-

555 1315 694 1385 bus
721 1314 1019 1385 navibus
1056 1317 1127 1384 in
1174 1323 1435 1385 terram
1491 1314 1758 1401 efferri,
1810 1336 2066 1408 proras
2118 1314 2379 1407 pelago
2432 1313 2558 1383 ob-

555 1417 782 1499 verti,
850 1434 1237 1509 remosque
1307 1418 1377 1484 in
1428 1433 1634 1485 usum
1687 1417 2179 1506 remigantium
2234 1416 2562 1505 componi

547 1518 798 1607 jussit3
848 1517 1049 1585 navis
1100 1517 1303 1606 regia
1354 1518 1426 1583 in
1482 1524 1803 1587 extremo
1858 1535 2081 1586 cornu
2132 1536 2357 1608 prope
2394 1513 2561 1584 litus

559 1619 939 1686 constituta
996 1624 1126 1686 est.
1228 1615 1421 1686 Dein
1482 1635 1620 1684 rex
1682 1636 1859 1687 suos
1910 1617 2163 1685 armari
2217 1628 2291 1686 et
2338 1618 2408 1684 in
2457 1617 2561 1683 in-

556 1714 962 1789 terscalmia
1027 1737 1112 1785 se
1181 1715 1609 1806 distribuere
1669 1717 1922 1807 jussit3
1995 1715 2186 1809 quod
2241 1724 2315 1785 et
2361 1714 2560 1785 fece-

556 1825 734 1887 runt.
820 1815 986 1885 Rex
1035 1813 1346 1886 Sverrer
1394 1818 1465 1885 in
1516 1825 1775 1885 terram
1823 1836 2197 1906 egressuS,
2249 1816 2337 1886 ad
2370 1819 2562 1885 rivu-

559 1915 701 1986 lum
756 1915 1106 2008 quendam
1159 1917 1489 2001 accessit,
1540 1915 1637 1984 ibi
1689 1936 1774 1985 se
1827 1914 2224 2002 lavandum,
2276 1924 2558 1987 vestes-

558 2035 701 2108 que
753 2017 956 2107 quasi
1009 2017 1409 2086 convivium
1461 2014 1748 2109 aliquod
1792 2014 2369 2109 frequentatums
2396 2035 2559 2086 ver-

558 2115 823 2185 rendas
886 2117 1191 2203 curavit3
1286 2135 1538 2184 omnes
1604 2125 1855 2185 vestes
1923 2118 2147 2206 regiae
2215 2115 2561 2186 subfusco

560 2214 811 2285 colore
884 2224 1099 2285 erant.
1210 2216 1403 2285 Dein
1457 2236 1621 2285 -rex
1706 2218 1776 2284 in
1844 2235 2092 2307 rupem
2165 2215 2560 2311 descendit,

557 2314 694 2386 sub
748 2337 887 2408 qua
938 2319 1141 2386 navis
1190 2338 1321 2386 sua
1351 2315 1613 2403 stabat}
1664 2315 1759 2384 ibi
1800 2318 2005 2385 etiam
2037 2315 2307 2409 aliquot
2338 2314 2563 2387 verba

557 2413 768 2501 fecit,
837 2418 1120 2509 puppim
1173 2420 1375 2494 navis
1429 2415 1752 2486 manibus
1804 2415 2304 2508 prehendam,
2382 2436 2563 2508 quas

558 2518 672 2586 sui
724 2515 1165 2602 amovebant,
1216 2516 1408 2608 quod
1446 2518 1582 2608 ⁴pix
1633 2518 1704 2584 in
1757 2519 2026 2608 pertica
2057 2516 2364 2586 nondum
2405 2526 2560 2586 erat
2622 2551 2631 2558 ·

560 2619 844 2686 siccata.
945 2615 1080 2685 Hic
1130 2636 1301 2685 rex:
1367 2636 1591 2685 naves
1661 2624 1943 2685 nostras
1997 2635 2140 2685 non
2194 2613 2560 2708 copulabi-

560 2736 749 2799 muS,
814 2711 1067 2807 inquit:
1135 2736 1312 2806 spes
1380 2724 1623 2785 nostra
1691 2719 1958 2802 omnis,
2013 2717 2091 2784 ‘si
2143 2737 2281 2809 qua
2333 2719 2403 2784 in
2453 2736 2561 2801 re,

558 2813 788 2905 posita
843 2823 958 2883 est
1007 2816 1078 2883 in
1130 2812 1498 2884 altitudine
1550 2818 1831 2885 navium
1886 2824 2284 2886 nostrarum
2356 2824 2429 2885 et
2489 2818 2561 2884 in

560 2913 966 2983 fortitudine
1037 2913 1355 3000 militum,
1433 2936 1618 3006 quos
1688 2924 1761 2985 et
1842 2917 2232 2986 acerrimos
2302 2925 2393 2986 et,
2453 2916 2562 2984 rei

559 3012 875 3085 militaris
926 3016 1400 3106 peritissimos
1451 3013 1818 3084 habemus.
1895 3014 2050 3084 Una
2108 3017 2283 3086 ratio
2340 3018 2561 3086 omni-

558 3112 697 3184 bus
749 3116 1136 3201 servanda,
1199 3113 1451 3185 hostes
1515 3124 1804 3185 nostros
1868 3135 2249 3207 superare3
2320 3114 2559 3205 fugam

561 3209 950 3307 capessere
1002 3235 1344 3309 pacemve
1383 3224 1661 3306 petere,
1713 3213 1961 3284 inutile
1998 3223 2145 3301 est3
2199 3235 2391 3284 arma
2431 3236 2558 3285 ve-

561 3325 709 3384 stra
763 3315 1503 3405 conservate,'neque
1556 3323 1831 3382 temere
1888 3334 1929 3381 e
1965 3314 2262 3386 navibus
2303 3316 2559 3404 ejicite.

558 3412 873 3484 Primum
926 3435 1064 3485 vos
1113 3416 1249 3506 ipsi
1306 3411 1706 3497 defendite,
1781 3411 1987 3482 alteri
2040 3413 2309 3483 alteros
2360 3423 2560 3483 tuea-

560 3514 749 3598 mini,
801 3512 1009 3581 Deus
1051 3514 1352 3581 omnium
1406 3522 1728 3581 nostrum
1783 3522 2150 3604 protector
2200 3514 2327 3583 sit!
2430 3512 2561 3582 His

563 3613 770 3681 dictis
834 3614 1039 3702 signa
1104 3613 1283 3703 erigi
1327 3612 1557 3702 jussit
1658 3610 1881 3680 Extra
1933 3613 2238 3683 classem
2293 3607 2563 3703 lingula

563 3712 880 3805 quaedam
932 3731 1196 3782 saxosa
1250 3709 1715 3796 excurrebat,
1768 3733 1926 3803 quae
1977 3722 2434 3805 prospectum
2470 3715 2564 3779 in
2612 3749 2621 3760 ·

561 3813 808 3882 sinum·
857 3814 1139 3883 omnino
1208 3810 1366 3881 fere
1441 3809 1810 3880 adimebat.
1911 3809 2096 3883 Post
2148 3812 2307 3882 baec
2356 3833 2562 3887 unam

562 3908 886 3980 celocem
942 3914 1211 3996 emisit,
1279 3932 1439 4004 quae
1500 3909 1591 3979 de
1665 3914 1991 3981 exercitu
2058 3914 2259 4004 regis
2309 3912 2566 4002 Magni
2655 3928 2673 3936 ‘

564 4009 1012 4101 exploraret3
1081 4012 1200 4103 qui
1270 4033 1425 4080 cum
1494 4031 1762 4101 paucos
1833 4032 1874 4079 a
1943 4009 2156 4082 litore
2208 4032 2564 4081 remorum

563 4110 820 4190 ductus
889 4113 1207 4213 provecti
1283 4119 1567 4203 essent,
1635 4109 2106 4203 vehementer
2167 4121 2571 4193 retrorsum
