2950 4709
343 363 416 438 G.
450 363 715 438 121-22
797 367 1162 424 maroam
1218 372 1442 428 REGIS
1497 371 1935 426 svnunnuts.
2182 343 2362 433 m
2482 334 2484 338 ’

340 562 434 634 ad
484 558 752 655 Papam
801 562 1181 646 miserunt,
1250 560 1322 629 in
1391 554 1649 654 quihus
1695 560 1947 629 omnia
2016 559 2108 632 de
2173 577 2362 651 rege

340 660 701 734 Sverrere
763 663 1031 755 scripta
1102 668 1303 731 erant
1366 658 1761 731 secundum
1830 657 2357 753 archiepiscopi

278 843 285 846 ,
338 762 567 835 Eiriki
615 781 1052 855 suorumque
1103 763 1615 844 testimonium,
1666 762 1835 829 item
1887 759 1979 830 de
2028 759 2356 831 omnibus

338 862 600 950 rebus,
670 864 793 956 qui
859 866 1046 932 inter
1116 881 1248 931 eos
1313 863 1912 946 intercesserant,
1979 871 2358 953 antequam

339 962 930 1056 archiepiscopus
1001 959 1407 1034 cathedram
1483 959 1880 1030 desereret.
2018 959 2092 1030 A
2135 958 2356 1054 ,Papa

340 1081 431 1132 ea
479 1071 643 1133 sunt
690 1082 1044 1154 responsa
1097 1061 1400 1146 reddita,
1454 1081 1614 1153 quae
1644 1058 2167 1153 archiepiscopi
2221 1083 2352 1153 per

296 1164 624 1254 ‘nuutios
717 1164 1200 1253 expetierant,
1302 1162 1760 1252 gravissimas
1860 1182 2106 1252 poenas
2189 1164 2358 1252 regi

338 1258 675 1332 Sverreri
726 1282 768 1332 a
817 1258 1018 1355 Papa
1071 1262 1489 1347 denuntiari,
1541 1262 1680 1331 nisi
1712 1262 1964 1347 omnia,
2017 1282 2175 1354 quae
2228 1283 2356 1331 cu-.

338 1371 547 1455 peret
623 1361 1166 1455 postularetque
1236 1360 1861 1452 archiepiscopuS,
1944 1364 2352 1432 concessis-

232 1517 260 1546 χ
335 1469 472 1532 set.
572 1460 723 1532 Has
779 1461 1073 1555 easdem
1123 1459 1371 1531 literas
1402 1458 1991 1552 archiepiscopus
2022 1463 2090 1529 in
2119 1459 2352 1532 Dania

335 1560 741 1631 recitandas
793 1562 1102 1645 curavit,
1171 1568 1246 1629 et
1314 1580 1592 1653 quaque
1648 1558 1765 1628 die
1822 1559 2169 1634 dominica
2220 1582 2348 1630 ex-

339 1661 1040 1730 communicationem
1093 1662 1165 1728 in
1213 1678 1463 1750 regem
1519 1656 1949 1729 Sverrerem
1998 1663 2069 1729 in
2122 1657 2352 1731 choro

337 1757 831 1852 promulgavit.
933 1756 1096 1849 Qua
1146 1780 1228 1829 re
1283 1762 1587 1852 cognita,
1640 1780 1776 1829 rex
1805 1756 2119 1830 Sverrer
2146 1781 2350 1853 saepe

341 1860 433 1930 de
485 1858 620 1931 hac
672 1880 753 1930 re
806 1862 876 1934 in
928 1859 1397 1930 conventibus
1451 1861 1814 1946 disseruit,
1868 1860 2153 1930 dicens:
2210 1859 2354 1931 hoc

335 1957 437 2028 nil
488 1961 627 2033 uisi
676 1960 1041 2031 Danorum
1096 1968 1564 2031 commentum
1633 1979 1846 2046 esse,
1916 1982 2059 2030 non
2118 1961 2348 2052 ipsius

335 2056 557 2153 Papae
586 2063 1033 2147 sententiam3
1073 2062 1343 2153 opinari
1373 2081 1485 2146 se,
1512 2058 1831 2131 Eirikum
1855 2081 2127 2134 caecum
2158 2060 2350 2152 haud

335 2179 421 2230 se
452 2160 862 2248 „mendaciis
913 2159 1098 2232 solis
1130 2162 1331 2252 regia
1364 2160 1701 2253 dignitate
1734 2169 2147 2233 exuturum:
2202 2182 2348 2246 effl-

337 2259 645 2353 demque
696 2257 841 2331 illae
892 2263 1451 2353 imprecationes
1496 2269 1570 2330 et
1624 2259 1819 2348 dirae,
1872 2263 2117 2353 inquit,
2169 2267 2350 2354 quas

333 2361 407 2427 in
476 2379 589 2429 me
657 2358 1128 2444 denuntiavit,
1166 2361 1431 2451 'ipsius
1499 2358 1733 2431 oculis
1799 2359 2099 2446 infusae,
2189 2380 2348 2440 eant

336 2480 475 2552 qua
543 2480 730 2528 nunc
794 2457 1070 2531 laborat
1136 2460 1540 2529 caecitatem
1592 2460 1660 2528 ei
1711 2456 2115 2529 attulerunt.
2219 2457 2345 2553 ,lui

331 2558 646 2652 quidem,
700 2560 816 2653 qui
871 2554 1182 2629 facinora
1222 2560 1942 2628 excommunicatione
1977 2556 2186 2650 digna
2219 2560 2344 2629 ad-

226 2661 229 2664 ’
330 2661 647 2745 mittunt,
729 2657 917 2730 haud
990 2656 1201 2730 dubie
1277 2659 1984 2729 excommunicationi
2051 2658 2346 2740 obnoxii

333 2768 532 2846 sunt3
614 2778 755 2851 ego
828 2779 1006 2832 vcro
1071 2780 1230 2830 sum
1281 2777 1462 2851 rege
1515 2767 1759 2844 natuS,
1827 2757 1917 2829 ad
1968 2779 2177 2852 quem
2221 2762 2345 2852 jus

334 2855 546 2949 hujus
595 2861 802 2950 regni
851 2880 935 2930 ac
986 2861 1363 2953 potestatis
1412 2861 1758 2952 pertinet3
1811 2860 1931 2953 qui
1969 2879 2128 2929 cum
2167 2858 2343 2930 mul·-

332 2966 450 3030 tos
486 2956 808 3038 ‚labores
880 2968 954 3030 et
1021 2958 1512 3044 difficultateS,
1576 2960 1982 3052 priusquam
2035 2958 2175 3030 hoc
2225 2980 2343 3030 re·-

333 3079 548 3149 gnum
601 3059 904 3151 adeptus
964 3080 1160 3145 sum,
1228 3055 1683 3152 pertulerim,
1753 3057 1884 3128 has
1936 3057 2028 3129 oh
2083 3080 2344 3130 causas

335 3159 404 3228 ei
457 3156 993 3252 haudquaquam
1028 3161 1432 3229 renuntiare
1463 3155 1655 3227 volo.
1710 3157 2048 3243 „Eu-iltuS,
2100 3181 2341 3251 quam-

332 3258 465 3347 vis·
510 3278 793 3343 caecuS,
869 3259 956 3328 ad
1028 3256 1434 3329 cathedram
1504 3278 1705 3327 suam
1771 3256 2064 3341 redeat,
2148 3255 2341 3344 licet,

332 3355 545 3428 modo
598 3356 885 3449 legibus
935 3357 1296 3444 civilibus,
1369 3378 1527 3452 qnae
1597 3355 1733 3427 hac
1800 3358 1872 3425 in
1940 3364 2132 3427 terra
2180 3377 2340 3428 sera

330 3455 582 3526 vandae
635 3468 823 3542 sunt,
877 3458 1375 3551 obtemperare
1427 3456 1637 3545 velit3
1709 3459 1844 3527 etsi
1892 3477 2073 3527 vero
2125 3453 2360 3528 utris'-'

333 3575 473 3648 que
508 3554 763 3641 oculis,
816 3558 1069 3649 quibus
1121 3579 1329 3641 nunc,
1381 3565 1459 3627 ut
1513 3567 1586 3627 ct
1635 3565 1873 3627 mente
1924 3556 2015 3626 ad
2059 3561 2338 3650 perspi-

331 3653 660 3725 ciendum
712 3676 986 3744 verum,
1038 3666 1289 3749 captus
1344 3666 1480 3742 est,
1532 3660 1820 3748 integer
1867 3665 2090 3739 esset,
2142 3655 2338 3728 illius

329 3774 585 3839 causa,
655 3760 1093 3848 quantumvis
1146 3756 1458 3828 effundat
1510 3757 1815 3825 dirarum
1871 3765 1944 3827 et
1994 3759 2338 3850 impreca-

328 3858 635 3941 tionum,
705 3853 918 3947 leges
986 3877 1026 3927 a
1093 3864 1341 3927 sancto
1409 3874 1602 3946 rege,
1645 3852 1880 3927 Olavo
1950 3854 2130 3927 latas
2195 3877 2338 3927 non

328 3954 636 4025 violabo.

580 4054 705 4126 De
755 4053 1000 4149 leqato
1052 4052 1296 4149 Papce
1344 4065 1418 4126 et
1466 4075 1649 4150 φερε
1703 4051 2079 4126 Svcrrere.

534 4153 703 4225 122.
782 4153 1012 4227 Paulo
1065 4165 1233 4250 post
1275 4152 1535 4230 festum
1575 4154 1929 4250 paschatis
1958 4175 2089 4226 rex
2111 4151 2335 4248 Sverf
