2950 4709
589 340 770 432 m
1016 365 1383 416 msa-omn
1435 363 1663 416 nmis
1716 362 2153 415 mansius.
2286 415 2295 424 „
2340 360 2412 425 c.
2458 359 2627 434 159δῖ

592 574 682 629 se
732 559 1268 637 concurrerunt,
1316 553 1519 642 regia
1550 552 1712 621 navi
1761 570 1805 620 a
1853 549 2139 621 sinistro
2169 546 2400 621 latere
2431 570 2605 622 con-

592 658 875 737 stituta,
943 654 1095 737 cui,
1161 653 1567 722 intercursu
1628 648 1905 721 celocis
1970 646 2230 720 Eiriki¹
2255 700 2278 736 ,
2355 649 2607 722 lateris

592 752 802 825 lateri
871 751 1351 843 conjungendi
1437 747 1645 820 locus
1725 770 1866 820 non
1949 749 2262 822 dabatur.
2374 748 2606 821 Navis

588 849 904 946 Philippi
957 852 1320 944 dynastae,
1389 858 1558 943 post
1617 847 2371 943 aliqnandobadlapsa,
2442 870 2605 921 cum

594 965 735 1027 tam
786 956 929 1025 cito
982 951 1264 1021 deflecti
1313 970 1455 1021 non
1507 952 1882 1041 potuisset,
1934 957 2012 1021 ut
2060 958 2259 1020 recta
2306 949 2602 1026 invehe-

589 1063 826 1139 retur,
895 1055 1224 1146 prorsum
1294 1048 1530 1121 delata
1596 1051 1668 1117 in
1719 1045 2009 1119 navem²
2057 1047 2397 1122 Halvardi
2446 1058 2602 1120 ten-

593 1153 825 1224 debat.
923 1150 1170 1243 Itaque
1222 1158 1535 1241 proretae
1614 1148 1972 1238 dynastae,
2055 1150 2314 1240 injecta
2389 1167 2604 1221 manu

588 1252 854 1337 ferrea,
903 1258 1134 1342 caput,
1184 1251 1343 1318 navi
1373 1246 1871 1317 Halvardianae
1901 1245 2293 1340 praefixum,
2343 1269 2601 1350 appre-

588 1351 995 1424 henderunt
1043 1367 1129 1417 ac
1180 1345 1660 1432 revulserunt,
1712 1346 1804 1417 ob
1839 1349 2353 1418 contentiorem
2397 1351 2603 1420 navis

579 1461 854 1526 motum
906 1448 1071 1521 solo
1123 1446 1489 1518 manubrio
1542 1455 1861 1534 retento;
1914 1455 2126 1540 caput
2157 1456 2314 1518 erat
2347 1447 2602 1522 colore

588 1555 878 1646 pictum,
929 1570 1070 1643 quo
1120 1546 1379 1619 avulso
1432 1548 1636 1617 navis
1687 1555 1987 1639 aspectu
2023 1545 2368 1619 deformis
2396 1547 2601 1619 vide-

570 1650 814 1724 ·batur.
914 1648 1234 1720 Tandem
1300 1666 1554 1717 navem
1626 1647 1947 1738 dynastae
2030 1647 2606 1718 circumflectere

587 1759 954 1846 poterant,
1033 1768 1330 1841 eamque
1383 1746 1473 1816 ad
1531 1746 1858 1816 dextrum
1909 1743 2099 1816 latus
2149 1767 2190 1815 a
2240 1747 2455 1840 puppi
2507 1744 2603 1818 ad

588 1854 893 1924 sentinae
942 1846 1488 1921 interscalmium
1526 1848 2069 1934 constituerunt3
2124 1846 2289 1917 dein
2331 1856 2602 1918 ceterae

587 1970 814 2021 naves
877 1958 957 2020 ut
1023 1966 1325 2042 quaeque
1391 1944 2005 2065 subsequebatur,
2086 1943 2601 2039 applicuerunt.

590 2047 716 2120 Sic
780 2069 920 2119 sex
985 2068 1211 2117 naves
1280 2048 1590 2136 maJores
1637 2039 2028 2136 Baglorum
2096 2048 2602 2118 circumventae

590 2157 666 2220 et
715 2145 1014 2218 navibus
1048 2143 1623 2216 Birkibeinorum
1676 2141 2169 2216 circumclusae
2221 2155 2418 2233 sunt3
2471 2149 2599 2216 mi-

586 2265 810 2319 nores
874 2265 1096 2331 vero,
1162 2248 1414 2316 veritae
1482 2264 1576 2313 ne
1644 2245 2357 2330 circumvenirentur,
2438 2267 2602 2318 cum

587 2347 797 2419 aliter
861 2344 1194 2418 elabendi
1258 2352 1693 2438 potestatem
1751 2342 2137 2430 haberent,
2222 2363 2601 2418 accessum

585 2445 1157 2518 Birkibeinorum
1187 2443 1654 2537 refugiebant.
1719 2440 2333 2534 Ognarbrandum,
2387 2465 2601 2538 quem

589 2547 946 2619 ducebant
1009 2544 1277 2617 Petrus
1347 2555 1421 2616 et
1469 2541 1889 2636 Eyvindus,
1956 2546 2184 2635 primo
2235 2547 2306 2615 in
2368 2546 2601 2616 aciem

586 2666 729 2718 non
781 2653 1299 2739 provexerant3
1378 2664 1592 2737 quem
1652 2665 1809 2715 cum
1862 2642 2249 2714 admovere
2298 2641 2600 2730 vellent,

588 2746 908 2838 quamvis
957 2747 1319 2816 universis
1359 2742 1527 2814 hinc
1577 2740 2108 2834 remigantibus,
2157 2742 2325 2813 inde
2377 2745 2602 2818 remis

585 2842 1087 2928 inhibentibus,
1137 2852 1374 2913 tamen
1425 2842 1990 2913 circumflectere
2025 2864 2167 2913 non
2198 2851 2601 2935 potuerunt.

588 2941 864 3015 Omnes
915 2951 1150 3013 autem
1203 2940 1597 3032 Baglorum
1650 2939 1948 3013 celoces
1977 2938 2599 3033 Ognarbrandum,

585 3043 989 3136 ubicunque
1023 3050 1461 3128 versaretur,
1518 3040 1895 3127 evitabant,
1945 3062 2081 3112 nec
2119 3044 2187 3111 ei
2218 3040 2598 3112 adhaerere

585 3141 944 3230 volebant,
995 3141 1131 3214 sed
1186 3162 1301 3229 eo,
1354 3141 1546 3212 unde
1597 3140 1850 3234 procul
1900 3139 2169 3227 aberat,
2221 3160 2308 3212 se
2359 3140 2591 3234 adpli-

590 3253 928 3329 cuerunt,
980 3240 1296 3337 hocque,
1351 3241 1586 3336 quoad
1639 3250 2114 3334 pugnaretur,
2164 3240 2412 3312 facere
2464 3238 2607 3320 ob-=

584 3353 983 3444 servarunt.
1061 3343 1237 3414 Erat
1288 3342 1431 3413 boc
1481 3339 1803 3433 praelium
1857 3348 1931 3410 et
1977 3360 2148 3411 acre
2199 3349 2275 3411 et
2326 3340 2595 3411 diutur-

585 3439 786 3529 num,
854 3464 1010 3513 cum
1075 3450 1239 3511 ante
1305 3440 1674 3510 meridiem
1740 3442 2298 3511 committeretur
2366 3449 2443 3511 et
2500 3438 2596 3510 ad

582 3541 862 3614 horam
884 3560 1115 3633 usque
1167 3550 1442 3610 sextam
1499 3540 1806 3610 duraret.
1904 3536 2305 3631 Pugnatum
2360 3547 2475 3609 est
2520 3540 2597 3608 in

584 3640 850 3737 pelago
902 3636 1325 3710 Strindensi.
1404 3638 1573 3709 Rex
1622 3636 1935 3710 Sverrer
1985 3640 2164 3724 suis,
2215 3648 2590 3732 antequam

582 3739 903 3835 praelium
935 3741 1512 3824 committeretur,
1563 3739 1653 3809 ita
1675 3723 2154 3832 praeceperat:
2205 3741 2268 3811 si
2293 3739 2365 3809 id
2395 3723 2707 3832 quod

584 3861 805 3934 spero
855 3838 1134 3926 accidit,
1186 3849 1264 3910 ut
1288 3841 1654 3910 victoriam
1706 3838 2172 3924 obtineamus,
2223 3860 2411 3912 nunc
2438 3856 2590 3907 me-

584 3961 871 4027 mores,
939 3959 1075 4012 vos
1144 3960 1188 4010 a
1251 3936 1507 4031 Baglis
1569 3940 1925 4032 superiori
1989 3945 2243 4009 aestate
2293 3941 2366 4007 in
2417 3956 2589 4007 arce

583 4037 946 4130 Bel-gensi
995 4036 1181 4111 fame
1232 4037 1564 4129 fatigatos
1613 4037 1886 4123 fuisse,
1935 4038 2234 4122 nemini,
2283 4038 2422 4107 nisi
2473 4055 2591 4107 me

659 4172 708 4245 ι)
730 4173 995 4245 'Beonais,
1030 4174 1161 4230 add.
1202 4173 1272 4240 G,
1314 4174 1392 4238 F,·
1425 4173 1660 4240 Bacasis,
1701 4171 1767 4227 Β.
1836 4171 1887 4241 ¹)
1919 4191 2129 4244 proram
2164 4172 2330 4242 navia,
2369 4169 2455 4240 F.-
