2950 4709
384 369 457 432 c,
481 368 582 442 90,
820 357 1186 446 ursa-omn
1243 370 1467 420 unare
1517 358 1955 423 svnmm‘nm.
2211 335 2390 435 155

380 550 702 644 Asbjorn
770 551 961 625 hune
1011 556 1082 625 in
1133 554 1415 626 modum
1468 552 1690 626 verba
1742 554 1949 626 feeitz
2018 575 2207 628 nune
2259 554 2385 626 de-

385 673 570 722 mum
623 651 745 722 illa
800 653 959 726 dies
1023 654 1297 741 illuxit,
1367 677 1573 748 quam
1627 676 1877 728 omnes
1918 658 2061 748 jam
2108 655 2385 749 pridem

388 751 998 841 desideravimus,
1053 776 1191 849 qua
1241 776 1490 847 regem
1543 754 1970 827 Sverrerem
2028 764 2100 826 et
2147 752 2385 825 Birkio

384 849 681 939 heinos,
732 862 1055 948 tanquam
1110 876 1292 926 oves
1340 858 1594 953 septis,
1658 854 1981 928 inclusos
2036 865 2385 927 tenemus·

382 950 547 1026 Nec
597 951 897 1046 amplius
949 953 1310 1027 calliditati
1357 976 1443 1026 ac
1496 954 1687 1028 dolis
1740 958 1898 1047 ejus
1947 953 2152 1027 loeus
2191 952 2386 1026 ullus

387 1053 555 1138 erit,
633 1074 817 1124 nunc
871 1057 1053 1125 enim
1107 1057 1293 1149 ipse
1320 1077 1407 1127 ac
1455 1053 1855 1126 Birkiheini
1910 1058 2068 1148 ejus
2116 1053 2385 1126 auxilio
2494 1132 2498 1136 .

387 1151 900 1240 destituentur,
970 1177 1015 1226 a·
1062 1176 1206 1249 quo
1257 1159 1491 1227 omnia
1539 1155 1839 1228 consilia
1887 1158 2122 1249 petiit,
2189 1156 2385 1226 nimi-

383 1273 536 1324 rum
592 1251 874 1341 diaboli,
924 1258 994 1325 in
1038 1277 1249 1351 quem
1286 1255 1537 1344 eredit,
1591 1258 1711 1349 qui
1761 1259 2004 1329 amieis
2052 1258 2208 1327 suis
2255 1254 2382 1344 ali-

384 1354 726 1446 quamdiu.
781 1376 1202 1427 successum
1273 1357 1445 1427 dare
1464 1395 1495 1443 ‚·
1560 1376 1900 1449 supremo
1964 1376 2145 1427 vero
2216 1358 2385 1430 vitae

383 1461 708 1545 tempore
764 1455 1113 1526 deserere
1165 1455 1379 1527 solet.
1440 1455 1651 1527 Nune
1702 1454 2019 1527 Sverrer
2069 1455 2157 1525 ad
2215 1476 2386 1525 con-

308 1559 312 1564 ’
382 1552 525 1624 silii
577 1556 883 1647 inopiam
936 1556 1276 1627 redactus
1328 1565 1464 1640 est,
1519 1557 1638 1650 qui
1689 1576 1732 1625 a
1762 1576 1847 1625 se
1876 1552 2171 1650 Petrum
2198 1552 2385 1626 Por·-

384 1655 594 1733 cium
630 1656 1002 1725 meridiem
1068 1677 1327 1727 versus
1390 1653 1679 1746 Bergas
1733 1656 2113 1740 dimiserit,
2180 1655 2387 1745 cujus

382 1757 674 1846 negotia
743 1776 834 1825 eo
888 1755 1053 1828 loeo
1121 1757 1406 1848 dignum
1457 1753 1861 1826 habuerunt
1911 1757 2209 1842 exitum3
2272 1753 2385 1823 dt-

382 1857 582 1928 missi
651 1875 938 1950 quoque
991 1858 1063 1926 in
1114 1854 1435 1949 Sognum
1488 1864 1683 1941 sunt,
1751 1858 1871 1949 qui
1923 1875 2167 1926 eorum
2222 1860 2388 1927 sunt

382 1958 717 2053 pessimi,
793 1957 1324 2050 speculatorum
1378 1954 1776 2028 diabolicus
1828 1973 2051 2050 grex,
2123 1956 2384 2049 quique

382 2053 681 2151 plurima
734 2061 1032 2150 patravit
1078 2056 1462 2145 maleficia,
1536 2054 1804 2129 Ulvus1
1860 2056 2213 2150 oppidano
2265 2074 2387 2126 na-

383 2166 520 2227 tus.
622 2155 783 2228 Jam
834 2155 1151 2229 Sverrer
1178 2151 1183 2160 ’
1212 2160 1511 2252 insuper
1561 2156 1928 2230 maleficiis
1959 2165 2060 2227 “et
2110 2151 2388 2225 hostili-

383 2256 646 2327 tatibus
714 2259 869 2328 suis
919 2257 1274 2329 cumulum
1341 2258 1640 2351 adjecit,
1708 2279 1868 2331 cum
1938 2254 2388 2332 christianam

384 2364 646 2425 terram
697 2357 1029 2427 incendio
1078 2361 1391 2443 vastarit,
1443 2357 1634 2452 quod
1684 2356 1918 2430 solum
1967 2353 2390 2428 maleficium

385 2464 595 2529 antea
659 2453 996 2529 infectum
1064 2455 1491 2549 reliquerat,
1574 2459 1778 2548 cujus
1855 2477 2044 2530 nune
2118 2474 2385 2548 graves

383 2575 632 2649 poenas
682 2554 852 2628 luet.
951 2554 1294 2650 Impetum
1344 2556 1490 2627 hini
1537 2566 1662 2627 aut
1708 2559 1893 2625 terni
1945 2558 2017 2625 in
2058 2553 2388 2646 singulos

384 2654 964 2732 Birkiheinorum
1037 2658 1376 2730 faciamus
1392 2708 1414 2744 ,
1485 2661 1559 2734 ‘si
1643 2654 1921 2728 facilius
1990 2654 2386 2742 videbitur3

387 2777 653 2847 graves
702 2759 888 2827 ictus
937 2760 1008 2830 in
1059 2758 1370 2829 adversa
1409 2779 1713 2852 corpora
1743 2758 2166 2849 infligamuS,
2217 2751 2389 2827 nihil
2479 2807 2484 2812 .

385 2866 767 2943 curanteS,
798 2880 998 2951 quam
1030 2867 1300 2953 partem
1332 2857 1531 2930 ferro
1561 2853 1953 2946 violemus3
2008 2877 2161 2927 nam
2212 2863 2392 2930 ‘esca

385 2956 678 3030 canibus
747 2967 867 3029 aut
932 2963 1172 3035 eorvis
1241 2958 1668 3030 dissecanda
1729 2957 1916 3031 haud
1973 2958 2391 3050 diligentem

385 3079 624 3128 euram
678 3061 916 3154 exigit.
1016 3058 1246 3149 Hujus
1308 3063 1538 3132 oratio
1602 3079 1852 3149 magna
1904 3061 2219 3131 'omnium
2255 3077 2391 3127 ae-

385 3156 810 3227 clamatione
874 3167 1166 3249 accepta
1224 3165 1382 3243 est,
1448 3155 1797 3250 praeclare
1847 3157 2070 3228 verba
2121 3157 2391 3228 fecisse

383 3259 809 3328 testantium.
880 3255 1094 3351 ⁴Post
1155 3255 1312 3332 haee
1361 3276 1587 3330 naves
1638 3264 2018 3348 quaternas
2069 3265 2190 3326 aut
2238 3256 2391 3352 qui·

385 3378 515 3429 nas
566 3356 1005 3450 copularunt,
1063 3354 1575 3450 copulatasque
1594 3406 1606 3419 .
1627 3355 1716 3430 ab
1773 3358 2113 3427 exteriori
2162 3354 2390 3426 latere
2487 3415 2500 3424 ,

390 3464 861 3530 extremarum
915 3461 1134 3535 remis
1162 3455 1652 3552 propulerunt,
1706 3476 1848 3550 quo
1901 3456 2089 3530 laeto
2142 3474 2392 3530 omnes

387 3558 616 3649 aequis
666 3555 1017 3631 frontibus
1068 3577 1204 3650 per
1250 3557 1606 3629 interiora
1634 3560 1837 3629 sinus
1888 3578 2116 3650 prope
2168 3557 2260 3627 ad
2309 3553 2391 3626 li-

386 3664 505 3727 tus
555 3656 1014 3727 meridianum
1066 3656 1499 3732 serebantur.
1578 3657 1745 3728 Rex
1797 3656 2113 3749 Magnus
2162 3659 2397 3732 tunica

387 3757 682 3826 eoecina
731 3754 1056 3827 bieolore
1112 3767 1266 3828 erat
1315 3759 1631 3843 indutuS,
1685 3755 1968 3830 dimidia
2016 3756 2219 3844 alba,
2289 3756 2393 3825 di-

387 3856 599 3929 midia
652 3855 898 3943 rubra3
942 3857 1292 3948 -ejusdem
1355 3856 1626 3927 eoloris
1695 3866 1769 3927 et
1834 3859 2043 3949 panni
2093 3859 2397 3931 tunicam

389 3954 689 4048 gerebat
729 3956 1045 4047 Magnus
1096 3955 1463 4046 MangiuS,
1516 3955 1705 4028 filius
1734 3954 1957 4031 Eiriki
1987 3953 2398 4049 Staghrelli.

390 4193 399 4199 ’
448 4171 505 4248 ἰ)
542 4183 928 4252 Laui-nescnsis,
966 4182 1095 4238 add.
1138 4180 1206 4239 G.
