2950 4709
364 332 565 399 (242.
798 335 1163 385 uls-roma
1219 336 1934 387 nncts.sv1³nn13n1S.
1997 340 2004 347 ·
2253 301 2377 397 73

361 536 504 587 rex
567 507 883 591 Srerrer
937 523 1292 593 somnium
1353 520 1569 609 vidit,
1649 542 1745 593 ex
1806 541 1951 616 quo
1993 539 2103 592 se
2171 523 2366 591 scire

366 620 819 713 existimavit,
872 641 1083 713 quem
1136 625 1401 692 exitum
1451 642 1897 714 congressus
1949 641 2106 691 cum
2147 620 2366 713 dyna-

364 726 490 785 sta
530 716 898 789 habiturus
954 729 1171 791 esset.
1244 720 1469 792 Visus
1523 723 1657 791 sibi
1715 731 1828 792 est
1876 723 1947 789 in
2000 720 2369 791 coeuaculo

365 816 707 908 quodam,
761 818 953 911 quod
1006 822 1076 888 in
1127 821 1390 915 oppido
1445 830 1638 906 erat,
1692 822 2032 907 dormire3
2084 829 2368 891 noctem

363 913 669 986 lucidam
727 937 897 988 esse
948 918 1260 1008 sciebat3
1308 923 1539 992 virum
1592 923 1965 1012 conspexit
2013 922 2083 988 in
2134 942 2367 990 coena-

366 1013 603 1086 culum
653 1017 1198 1108 ingredientem,
1248 1022 1369 1113 qui
1420 1020 1510 1090 ad
1564 1018 1847 1106 lectum,
1897 1022 1968 1089 in
2020 1041 2163 1113 quo
2215 1023 2369 1112 qui·

367 1114 687 1203 escebat,
739 1117 1124 1204 accedeuS,
1176 1122 1284 1190 sic
1334 1118 1620 1206 locutus
1650 1129 1799 1191 est:
1850 1117 2094 1211 surge,
2145 1117 2369 1189 Sver-

364 1236 529 1301 rer,
598 1225 674 1287 et
721 1237 1034 1310 sequere
1085 1238 1219 1289 me.
1322 1217 1458 1300 Hic
1509 1221 1622 1290 vir
1672 1221 1741 1290 ei
1791 1219 1976 1290 adeo
2027 1217 2369 1290 terribilis

365 1317 571 1387 visus
624 1325 776 1402 est,
842 1326 925 1388 ut
974 1321 1313 1413 imperata
1363 1340 1506 1391 non
1558 1318 1801 1391 facere
1854 1340 1995 1389 non
2047 1318 2369 1398 auderet,

364 1412 563 1485 Idem
627 1419 740 1488 vir
817 1418 1081 1512 oppido
1150 1439 1540 1509 egressuS,
1608 1422 1768 1513 ipso
1836 1427 2229 1512 sequente,
2296 1421 2370 1486 iu

364 1518 742 1608 superiora
790 1519 1116 1604 tetendit,
1167 1518 1401 1590 donec
1450 1521 1523 1587 in
1573 1518 1806 1589 locum
1840 1520 2197 1611 pervenit,
2248 1516 2372 1588 ubi

363 1617 514 1706 igni
563 1615 751 1687 forte
821 1638 1132 1689 accenso
1187 1626 1453 1689 tostum
1505 1639 1770 1710 corpus
1821 1617 2191 1687 humanum
2244 1619 2371 1687 im-

364 1718 674 1809 positum
729 1727 900 1787 erat.
976 1715 1154 1788 Tum
1206 1721 1316 1788 vir
1367 1721 1438 1788 in
1467 1719 1740 1788 somnis
1769 1737 2119 1810 apparens
2149 1714 2371 1786 Sver-

364 1836 604 1886 rerem
674 1818 1057 1888 considere
1126 1817 1503 1912 cibumque
1554 1838 1841 1888 sumere
1884 1818 2140 1910 jussit,
2210 1836 2370 1887 cor·

364 1935 646 2008 pusque
698 1918 767 1986 ei
819 1919 1166 2011 apposuit.
1267 1917 1748 2011 Respondere
1798 1917 1933 1988 sihi
1984 1918 2182 1987 visus
2236 1925 2373 2003 est,

364 2014 440 2085 id
509 2017 698 2107 quod
767 2021 1040 2089 animus
1106 2017 1487 2103 svadehat,
1569 2037 1655 2088 se
1719 2037 2067 2110 uunquam
2122 2015 2371 2109 -palato

364 2116 831 2188 abominanda
898 2116 1305 2211 (cadavera)
1360 2118 1651 2205 edisse,
1717 2137 1954 2212 neque
2006 2126 2149 2188 tum
2205 2138 2371 2189 esu·

362 2236 522 2287 rum
577 2236 767 2288 esse.
865 2216 967 2288 At
1014 2221 1127 2288 vir
1176 2220 1246 2288 in
1299 2221 1572 2289 somnis
1623 2237 2008 2311 apparens:
2061 2226 2139 2287 tu
2188 2237 2372 2288 vero

367 2330 555 2402 esto,
605 2319 849 2410 inquit,
902 2327 978 2389 et
1030 2318 1254 2389 edere
1306 2321 1531 2411 cupiS,
1583 2328 1796 2411 atque
1829 2319 1936 2387 sic
1971 2315 2200 2409 jubet,
2253 2320 2374 2412 qui

366 2419 602 2489 omnia
663 2416 1031 2508 gubernat.
1146 2415 1392 2512 ltaque
1474 2420 1677 2488 visus
1759 2416 1897 2487 sihi
1967 2424 2081 2486 est
2139 2415 2375 2488 cibum

364 2537 680 2603 sumere,
733 2538 1116 2612 carneque,
1170 2539 1312 2613 quo
1366 2516 1673 2587 obducta
1727 2536 1934 2585 crura
1971 2524 2193 2601 erant,
2245 2536 2374 2587 ve-

366 2620 497 2702 sci,
549 2616 919 2688 stomacho
972 2638 1322 2711 quamque
1376 2616 1583 2687 offam
1634 2615 2058 2707 refugiente.
2162 2613 2375 2687 Cum-

367 2736 510 2810 que
579 2719 753 2787 satis
823 2718 942 2788 diu
1009 2719 1482 2804 comedisset,
1554 2738 1644 2789 eo
1715 2719 1945 2786 minus
2012 2719 2375 2812 appositas

367 2831 624 2887 carnes
676 2827 1052 2889 aversatus
1107 2827 1245 2905 est,
1299 2839 1439 2914 quo
1493 2819 1787 2911 propius
1814 2837 2158 2889 summum
2213 2837 2374 2888 cor-

366 2937 506 3011 pus
554 2919 927 3008 attigisset,
1025 2916 1127 2989 Ut
1177 2939 1359 2989 vero
1410 2919 1503 2990 ad
1553 2926 1765 3010 caput
1814 2922 2176 3009 pervenit,
2235 2916 2378 2988 hoc

368 3036 657 3109 quoque
710 3017 1100 3088 comedere
1152 3022 1449 3112 cupivit3
1502 3018 1635 3090 sed
1667 3019 1800 3102 vir,
1851 3037 1893 3085 a
1940 3038 2080 3110 quo
2111 3021 2181 3087 in
2214 3037 2377 3087 eum

369 3113 609 3185 locum
682 3116 935 3188 ductus
988 3127 1162 3204 erat,
1216 3121 1447 3211 capite
1501 3117 1590 3188 ad
1642 3137 1728 3186 se
1781 3129 2114 3209 recepto,
2185 3117 2377 3187 desi-

367 3223 572 3284 stere
606 3235 765 3285 eum
784 3220 1039 3309 jussit3
1091 3224 1381 3311 tumque
1411 3238 1556 3287 nou
1605 3217 1832 3305 magis
1861 3235 1901 3283 a
1957 3215 2375 3286 desistendo

363 3323 528 3385 erat
578 3313 895 3402 alienus,
961 3339 1168 3411 quam
1220 3317 1308 3390 ab
1368 3315 1773 3410 incipiendo
1827 3312 2234 3406 refugerat,
2305 3323 2381 3386 et

367 3424 603 3485 tamen
656 3417 1020 3488 desistere
1074 3429 1369 3490 coactus
1402 3427 1533 3489 est.
1609 3414 1898 3487 Deinde
1940 3417 2011 3483 in
2042 3415 2377 3509 oppidum

368 3519 652 3586 reversi
708 3517 1007 3587 eandem
1061 3519 1343 3591 domum
1394 3522 1756 3588 intrarunt.
1835 3514 2157 3609 Cumque
2204 3537 2378 3588 euu-

370 3613 530 3684 dem
598 3614 900 3703 lectum,
971 3639 1013 3689 e
1082 3641 1223 3713 quo
1291 3626 1740 3701 surrexerat,
1807 3617 2377 3704 conscendisset,

368 3714 623 3785 ducem
691 3737 899 3788 suum
954 3719 1443 3810 egredientem
1501 3716 1909 3808 conspexit3
1993 3737 2133 3808 quo
2188 3715 2376 3787 sacto

364 3834 622 3886 somno
676 3831 1151 3911 experrectus
1204 3829 1334 3890 est.
1435 3817 1691 3908 quue
1757 3818 1913 3908 ipso
1966 3836 2096 3885 rex
2150 3815 2374 3887 Sver-
2442 3853 2450 3862 ι

364 3934 488 3986 rer
539 3936 718 3987 suos
768 3927 1182 4012 tantopere,
1251 3927 1331 3989 ut
1396 3916 1728 4008 oppidum
1781 3914 2376 4006 adgrederentur,

362 4012 690 4088 hortatus
741 4015 998 4103 fuerat,
1052 4018 1243 4113 quod
1291 4018 1641 4089 somnium
1691 4017 1801 4087 sic
1838 4024 1993 4085 erat
2023 4018 2373 4108 iuterpre-

364 4122 599 4203 tatuS,
648 4115 1100 4213 percorpus
1148 4119 1298 4212 igni
1348 4117 1754 4212 impositum
1806 4113 2191 4205 significari
2239 4112 2372 4182 Er-
