2950 4709
620 355 741 443 48
790 377 799 386 ·
1052 380 1413 432 rus-roma
1474 380 1701 429 nssors
1753 380 2188 431 svnnnnms.
2418 380 2623 446 c.27.

618 564 948 652 aiteram,
1014 575 1093 636 ut
1158 566 1602 637 occidentem
1668 586 1931 637 versus
1993 569 2065 635 in
2116 564 2425 653 insulas,
2497 566 2620 636 ubi

614 665 951 738 nonnulla
999 686 1175 758 spes
1223 666 1684 758 parandarum
1737 669 2096 759 copiarum
2151 677 2389 751 esset,
2452 687 2618 758 per-

617 788 797 859 egre
847 765 1504 859 proficiscerentur3
1580 769 1891 852 tertiam,
1958 776 2037 837 ut
2086 769 2157 835 in
2208 765 2617 837 Hiberniam

615 866 886 939 aliasve
968 876 1201 937 terras
1300 865 1791 938 occidentales
1872 869 2186 959 piraticae
2268 866 2656 940 faciendae·

615 989 833 1039 causa
883 976 1379 1055 excurrerent3
1447 983 1560 1038 se·
1589 969 1771 1036 enim
1824 975 2114 1059 putare,·
2155 988 2404 1057 regem
2455 967 2615 1038 Ma·
2717 987 2732 997 ‘

614 1089 831 1160 gnum
878 1065 1390 1160 Erlingumque
1449 1067 1854 1158 dynastam,·
1891 1087 2033 1160 quo
2068 1067 2334 1138 diutius
2383 1088 2613 1159 regno

610 1166 1109 1262 praefuissent,
1163 1187 1254 1237 eo
1296 1169 1556 1237 *minori
1585 1166 1851 1261 ’populi
1903 1170 2126 1259 gratia
2180 1188 2484 1238 usuros:
2545 1178 2617 1239 at

609 1270 950 1362 praesenti
1011 1276 1376 1360 tempore.
1442 1269 1696 1359 inquit,
1756 1275 2020 1337 tantum
2073 1269 2298 1359 copiis
2347 1268 2614 1355 valent,

608 1377 689 1439 ut
737 1369 950 1438 armis
1002 1389 1158 1437 cum
1212 1365 1327 1436 his
1389 1368 1827 1460 contendere
1863 1403 1872 1408 ³
1906 1365 2213 1440 difficile·
2245 1366 2453 1439 nobis
2502 1368 2612 1441 fu-

607 1478 836 1539 turum
889 1470 1005 1539 sit.
1100 1465 1442 1539 Universi
1480 1466 1743 1540 milites
1774 1465 1868 1546 se,
1912 1465 2001 1537 ad
2057 1468 2386 1560 oppidum
2432 1491 2610 1539 con-

606 1568 909 1639 tendere
994 1566 1190 1638 velle
1268 1568 1822 1661 responderunt:
1905 1565 2077 1653 nihil
2166 1566 2644 1656 obstiturum‚.

608 1671 982 1761 quominus
1051 1669 1313 1761 oppido
1379 1670 1809 1760 potirentur:
1887 1670 2158 1759 regium
2213 1672 2609 1740 exercitum

605 1767 705 1838 ibi
773 1775 918 1839 non'
994 1767 1327 1839 adesset.
1371 1789 1593 1859 posse
1671 1767 2144 1839 Nidarosum·
2192 1773 2607 1861 expugnari,

605 1889 766 1938 cum
826 1873 964 1939 rex
994 1865 1297 1940 ,multos
1358 1866 1455 1937 ibi
1519 1866 1824 1938 haberet
1872 1871 2175 1938 amicos:
2247 1889 2338 1938 eo
2391 1870 2606 1941 modo
2673 1873 2692 1898 ¹

603 1969 1095 2038 accessionem
1161 1969 1520 2060 copiarum
1553 1990 1558 1996 ·
1589 1967 1768 2044 fore.
1887 1965 2169 2057 Quibus
2235 1989 2434 2039 rexz·
2481 1991 2604 2040 so-

600 2069 809 2138 mniis
874 2067 1310 2151 admonituS‚
1376 2064 1464 2136 ab
1534 2069 1670 2137 ista
1707 2070 1990 2151 =ratione
2041 2067 2433 2156 abhorre03
2465 2135 2470 2142 Α
2501 2074 2610 2142 uti

601 2180 847 2253 antea,
912 2169 1006 2236 ita
1070 2170 1277 2237 etiam
1342 2188 1527 2237 nunc
1593 2168 1984 2238 auctoritati
2052 2181 2234 2238 meae
2286 2170 2604 2240 nonnihil

599 2265 1045 2339 tribuendum
1099 2266 1437 2338 arbitror:
1491 2268 1820 2361 oppidum
1873 2276 2039 2359 post
2077 2267 2602 2360 adgrediemur.
2655 2349 2680 2372 δ

603 2366 778 2438 Cum
828 2388 1007 2439 vero
1060 2367 1320 2439 milites
1368 2367 1582 2439 nullis
1635 2368 1938 2439 detineri
1985 2368 2379 2440 rationibus
2431 2391 2602 2462 pos-

600 2478 799 2556 sent,
852 2470 1020 2562 quin
1068 2468 1157 2540 ad
1210 2467 1541 2562 oppidum
1593 2471 1812 2555 irent,
1864 2489 1999 2538 rex
2052 2489 2295 2540 eorum
2348 2469 2600 2541 volun-

595 2572 724 2640 tati
773 2567 1307 2662 obtemperavit.
1406 2567 1652 2663 ltaque
1702 2589 1882 2660 rege
1933 2571 2150 2659 invito
2195 2570 2286 2639 ad
2339 2573 2600 2642 ostium

598 2671 800 2738 sinus
849 2662 1433 2739 Thrandheimici'
1473 2669 2010 2739 contenderunt.
2110 2667 2250 2739 Ubi
2290 2683 2469 2742 vero
2505 2671 2598 2741 ad

595 2766 899 2838 insulam
966 2764 1348 2838 Folsknam
1415 2777 1807 2853 venerunt,
1859 2790 1995 2838 rex
2045 2790 2131 2840 se
2181 2772 2444 2841 intrare
2496 2774 2595 2842 si-

592 2889 760 2938 num
829 2866 1056 2953 nolle,
1137 2889 1279 2961 quo
1346 2890 1489 2938 non
1558 2871 1716 2938 sine
1788 2867 2152 2940 dedecore
2220 2892 2593 2942 accessum

592 2965 933 3053 futurum,
984 2968 1118 3037 sed
1169 2966 1454 3061 Bergas
1505 2967 1860 3062 proficisci
1912 2967 2106 3040 velle
2163 2970 2348 3040 dixit.
2449 2971 2593 3041 Mi-

540 3155 545 3162 ·
595 3064 763 3138 lites
810 3089 1007 3140 ,vana
1078 3071 1482 3141 occasionis
1554 3071 1804 3161 specie
1872 3068 2191 3164 decepti,
2261 3070 2592 3163 oppidum

592 3167 785 3239 facili
826 3171 1117 3261 negotio
1160 3173 1553 3264 expugnari
1583 3190 1805 3263 posse
1836 3169 2255 3256 dictitarunt‚
2309 3191 2592 3246 omnes·
2667 3208 2675 3214 ·

594 3289 772 3362 que,
835 3290 1016 3361 rege
1070 3280 1420 3363 excepto,
1488 3268 2079 3363 proficiscendum
2124 3273 2218 3339 in
2267 3267 2594 3341 Thrand«

459 3419 472 3457 ·,
589 3366 894 3437 beimum
963 3390 1134 3439 esse
1203 3378 1743 3439 consenserunt.
1857 3367 2103 3461 ltaque
2171 3373 2400 3441 sinum
2471 3391 2606 3442 re*

587 3468 917 3559 migando
987 3463 1520 3559 ingrediuntur,
1587 3478 1664 3538 et
1712 3469 1799 3539 ad
1852 3466 2352 3564 Raudabjarga
2401 3470 2602 3543 clas--

587 3571 744 3638 se'm
796 3570 1258 3638 constituunt.-
1343 3565 1476 3637 Hic
1527 3587 1662 3637 rex
1710 3588 1888 3637 suos
1939 3589 2190 3641 omnes
2220 3592 2261 3641 e
2291 3571 2598 3642 navibus

589 3676 934 3738 evocatos
1002 3677 1294 3738 secreto
1367 3669 1866 3758 interrogavit,
1946 3673 2151 3761 quam
2237 3674 2598 3742 rationem.

587 3770 1154 3859 oppugnationis,
1210 3771 1415 3861 cujus
1467 3767 1653 3838 adeo
1706 3777 1955 3840 essent
1996 3771 2254 3864 cupidi,
2306 3771 2587 3862 ingredi

585 3870 1001 3957 cogitarent.
1100 3865 1212 3938 Illi
1263 3889 1480 3955 sese,
1548 3867 1786 3940 classe
1837 3872 2055 3940 remis
2105 3871 2193 3941 ad
2249 3871 2588 3964 oppidum

584 3967 884 4052 incitata,
937 3970 1385 4039 escensionis
1436 3968 1825 4062 periculum
1877 3968 2196 4042 facturos
2242 3971 2583 4042 ostende-

471 4061 484 4071 '
581 4076 762 4136 runt.
876 4065 1044 4137 Rex
1111 4078 1386 4140 contra:
1467 4068 1610 4139 hoc
1675 4072 1906 4140 minus
1971 4070 2141 4140 utile
2210 4069 2581 4142 consilium

587 4168 940 4254 existimo,
990 4188 1224 4263 neque
1279 4171 1464 4239 enim
1517 4168 1911 4262 oppidanos
1966 4170 2299 4263 oppidum
2353 4172 2424 4240 in
2453 4191 2584 4270 pos
