2950 4709
634 337 811 430 m
1061 360 1424 412 mss-otus
1480 359 1704 409 usms
1758 359 2195 409 svnnumus.
2268 415 2277 422 ,
2340 403 2347 408 .
2400 352 2671 421 c.152.

635 542 864 618 altera
913 546 1117 631 vice,
1167 564 1568 638 magnoque
1622 546 1829 616 etiam
1880 564 2041 615 cum
2094 541 2372 633 labore,
2426 565 2662 638 supe-

636 655 825 732 rato,
896 666 1053 717 cum
1105 647 1259 716 suis
1312 647 1383 715 in
1434 641 1753 736 Sognum
1810 643 2140 731 devenit,
2210 654 2284 716 et
2334 648 2405 720 in
2456 644 2659 715 Aur-

637 742 1120 838 landsijordo,
1195 743 1727 816 vulneratorum
1796 745 2352 815 recreandorum
2405 766 2657 829 cansa,

634 854 994 931 moratuS,
1094 843 1262 915 inde
1346 847 1487 916 iter
1569 846 2149 937 septemtrionem
2233 866 2493 916 versus
2574 846 2657 914 in

635 942 1234 1017 Thrandheimum
1288 943 1621 1030 confecit,
1672 944 1793 1016 ubi
1842 942 2238 1015 liberaliter
2289 954 2656 1038 exceptus

639 1057 772 1117 est.
888 1043 1026 1116 Hic
1106 1065 1242 1116 rex
1308 1041 1623 1115 Sverrer
1681 1065 1807 1116 res
1867 1043 2130 1116 ibidem
2201 1043 2413 1139 paulo
2479 1053 2654 1114 ante

637 1153 888 1237 gestas
936 1146 1293 1236 cognovit.
1369 1142 1716 1215 Nimirum
1767 1142 1977 1237 Bagli
2029 1166 2191 1215 cum
2245 1144 2469 1216 tribus
2520 1166 2651 1215 ce-

637 1243 920 1316 locibus
972 1246 1045 1313 in
1098 1242 1430 1335 oppidum
1483 1254 1865 1330 venerant,
1932 1243 2231 1315 ducibus
2282 1243 2653 1338 [Kinnado

633 1342 904 1417 Elridae
934 1341 1141 1429 filiol,
1168 1339 1604 1415 'l'borstcine
1635 1341 1971 1436 Kugado‘,
1999 1341 2289 1415 Eiriko²
2321 1342 2651 1415 Thi-and-

636 1443 1002 1526 heimensi.
1079 1443 1312 1515 Antea
1366 1443 1437 1513 in
1490 1442 1754 1537 oppido
1799 1453 2129 1516 versatus
2181 1444 2431 1515 fuerat
2461 1441 2651 1514 Kar-

638 1543 778 1631 lus,
830 1543 1020 1615 filius
1063 1541 1458 1616 Sorkveris
1509 1545 1735 1634 regiS,
1782 1547 1901 1638 qul
1956 1553 2123 1615 tunc
2173 1547 2243 1614 in
2294 1547 2649 1615 matrimo-

635 1647 756 1715 nio
806 1642 1116 1715 habebat
1164 1642 1678 1736 lngibjargam,
1732 1647 1932 1736 regis
1983 1641 2364 1715 Sverreris
2414 1643 2649 1714 filiam.

636 1742 793 1816 Sed
846 1765 1133 1821 rumore
1185 1743 1423 1837 aliquo
1479 1743 1571 1814 de
1625 1745 1933 1816 adventu
1983 1741 2372 1835 Baglorum
2436 1765 2648 1816 acce-

633 1855 806 1938 pto,
875 1844 1202 1914 dominus
1251 1841 1523 1914 Karlus
1573 1864 1887 1937 vespere
1943 1864 2031 1914 ex
2088 1843 2359 1937 oppido,
2403 1844 2648 1939 profe-

636 1953 798 2015 ctus
881 1952 1165 2036 pontem
1244 1951 1747 2035 transgressus
1819 1952 2007 2029 erat,
2094 1953 2169 2014 et
2233 1946 2304 2014 in
2375 1945 2649 2037 praedio

634 2039 920 2134 Borga³
988 2042 1180 2113 dicto
1247 2042 1724 2135 pernoctabat.
1823 2042 2093 2115 Eadem
2164 2053 2418 2131 nocte,
2484 2065 2649 2116 cum

627 2144 770 2235 jam
825 2141 1152 2214 dominus
1200 2140 1469 2213 Karlus
1523 2142 1995 2230 discesserat,
2055 2140 2269 2236 Bagli
2321 2146 2394 2214 in
2445 2146 2648 2238 oppi-

639 2242 803 2315 dum
855 2252 1243 2331 veneruut3
1294 2244 1438 2336 qui,
1491 2263 1633 2337 quo
1683 2240 1853 2314 loco
1893 2255 2330 2329 versaretur,
2384 2245 2648 2315 certio·

637 2363 766 2415 res
789 2342 980 2429 facti,
1034 2361 1126 2412 eo
1164 2354 1375 2414 nocte
1408 2341 1730 2436 profecti,
1773 2342 2126 2415 dominum
2162 2342 2459 2415 Karlum
2486 2365 2657 2416 cum

636 2452 787 2515 tota
855 2464 986 2515 sua
1073 2441 1376 2515 cohorte
1441 2441 1992 2533 interfeceruut3
2078 2465 2222 2538 quo
2285 2443 2474 2516 facto
2544 2464 2649 2514 ex

638 2544 901 2637 oppido
955 2544 1461 2616 discesserunt.
1544 2541 1730 2614 Post
1779 2542 1938 2614 haec
1989 2546 2269 2615 comitia
2321 2543 2393 2614 in
2424 2542 2649 2636 Eyris

634 2642 1074 2729 habuerunt,
1142 2646 1213 2713 in
1286 2642 1542 2738 quibus
1591 2637 1978 2714 Thorstein
2028 2642 2383 2735 Kugadus
2433 2642 2663 2715 talem*

639 2745 1031 2813 orationem
1084 2740 1356 2813 babuit:
1408 2744 1702 2828 scitote,
1752 2742 2114 2836 oppidani,
2167 2743 2384 2836 louge
2435 2742 2648 2815 vobis

638 2840 890 2912 abfore
959 2861 1212 2933 regem
1265 2839 1690 2912 Sverrerem
1743 2842 1833 2912 ad
1885 2844 2188 2914 tuendas
2241 2846 2647 2937 provincias

639 2938 1292 3013 Thrandbeimicas.
1370 2940 1660 3012 Deinde
1714 2941 1806 3012 de
1859 2943 2083 3015 rebus
2131 2942 2411 3035 Baglos
2465 2947 2652 3015 inter

643 3050 720 3113 et
767 3060 1016 3134 regem
1046 3039 1474 3114 Sverrerem
1510 3042 2145 3131 intercedentibuS,
2195 3053 2275 3115 ut
2324 3046 2648 3137 proxima

640 3149 892 3216 aestate
943 3151 1173 3236 gestae
1228 3152 1500 3230 essent,
1555 3146 1924 3235 exposuit3
1991 3142 2288 3237 plurima
2338 3163 2649 3215 comme-

642 3264 929 3315 morans
980 3242 1073 3318 de
1142 3245 1271 3330 iis,
1342 3263 1504 3338 quae
1572 3245 1643 3312 in
1711 3240 1828 3313 his
1890 3243 2301 3335 ingentibus
2365 3246 2651 3316 eventis

644 3353 966 3415 extrema
1044 3344 1489 3414 acciderunt:
1572 3362 1824 3434 regem
1888 3341 2319 3415 Sverrerem
2402 3347 2652 3438 copias

641 3464 815 3515 suas
864 3442 953 3513 ad
1006 3464 1243 3513 arcem
1296 3444 1644 3512 amisisse·
1721 3440 2107 3514 Postremo
2145 3443 2347 3529 dixit,
2400 3465 2652 3537 regem

646 3561 744 3613 ex
794 3547 964 3613 arce
1020 3543 1464 3627 excessisse,
1519 3548 1594 3612 et
1645 3543 1716 3611 in
1746 3544 2079 3636 oppidum
2129 3551 2264 3637 p'er
2316 3543 2650 3615 mediter-

641 3661 861 3713 ranea
910 3640 1368 3712 adventurum
1423 3644 1866 3733 exspectari3
1918 3663 2060 3713 non
2092 3646 2277 3715 enim
2307 3641 2652 3714 tantillum

642 3739 942 3823 navibus
990 3739 1270 3828 valere,
1312 3745 1395 3812 ut
1441 3762 1654 3811 unum
1705 3741 1991 3836 quidem
2040 3742 2381 3815 scalmum
2434 3741 2653 3814 babe-

643 3845 796 3930 ret;
858 3837 1071 3933 Bagli
1142 3840 1441 3914 navibus
1508 3843 1711 3934 potiti
1762 3851 1966 3928 sunt,
2034 3839 2416 3937 multisque
2469 3842 2652 3931 aliis,

646 3963 806 4039 quae
857 3952 1064 4013 antea
1113 3943 1184 4011 in
1236 3945 1436 4035 regis
1485 3950 1841 4034 potestate
1873 3940 2178 4013 suerunt.
2257 3940 2653 4015 Birkibeini

646 4061 934 4148 quoque
985 4037 1428 4122 simulabant,
1478 4039 1615 4109 sibi
1657 4039 1854 4112 nullo
1888 4042 2100 4113 modo
2137 4045 2377 4113 resisti
2407 4064 2653 4135 posse,

719 4169 769 4236 ⁸)
803 4168 932 4223 aaa.
974 4168 1040 4223 a.
1108 4167 1165 4237 η
1203 4166 1403 4233 eoum
1435 4167 1732 4237 Binan-idio,
1765 4166 1830 4222 A.
1898 4151 1956 4237 ὃ)
1989 4167 2181 4242 nup,
2220 4166 2412 4237 rm).
