2950 4709
581 323 760 416 248
875 353 887 362 ·
1012 345 1378 400 memma
1429 311 1655 395 anons
1710 339 2149 394 svnunnms.
2349 332 2612 403 (2143,

589 547 734 613 tum
798 533 891 608 ad
940 528 1397 608 Nordnesum
1417 579 1442 620 ‚
1740 531 2038 624 propius
2089 527 2180 602 ad
2229 529 2604 601 meridiem

587 659 678 711 se
726 633 1148 709 continebat.
1259 632 1435 704 Inde
1489 552 1879 702 ffibeini
1930 650 2063 723 per
2114 629 2445 723 longiora
2492 633 2599 699 in-

585 736 891 810 tervalla
939 738 1010 805 in
1061 734 1326 830 oppido
1375 730 1884 817 versabantur,
1936 740 2010 801 et
2061 732 2135 799 in
2185 730 2602 815 mediterra-

587 859 726 910 nea
766 844 1202 910 commeatus
1229 832 1526 926 parandi
1560 852 1803 917 causa,
1851 851 2275 924 quocunque
2309 829 2602 915 vellent,

587 959 722 1032 per
769 933 1046 1029 Baglos
1098 932 1454 1027 proficisci
1509 930 1738 1016 licuit,
1789 951 1933 1024 quo
1986 939 2314 1023 tempore
2365 928 2599 1001 Sunn-

588 1036 841 1109 hordis
893 1043 969 1106 et
1015 1032 1482 1125 HardangriS,
1533 1033 1652 1126 qui
1705 1040 1912 1101 antea
1941 1028 2197 1123 Baglis
2246 1032 2492 1123 copias
2525 1038 2600 1100 et

588 1138 936 1230 pecunias
985 1136 1057 1204 in
1109 1131 1422 1205 classem
1474 1133 1834 1215 miserant,
1886 1130 2154 1223 proedia
2202 1151 2335 1202 sua
2371 1133 2598 1200 minus

590 1234 968 1307 commode
1037 1235 1276 1304 everri
1341 1230 1432 1301 ab
1507 1233 1615 1302 eis
1664 1229 2103 1302 videbantur.
2223 1228 2455 1321 Quam
2504 1228 2595 1300 ob

586 1355 740 1405 rem
791 1332 1030 1407 coloni
1080 1333 1391 1404 nuntium
1445 1330 1534 1400 ad
1588 1327 1868 1421 Baglos
1935 1332 2316 1417 miserunt,
2387 1338 2464 1404 ut
2511 1350 2596 1402 se

588 1455 857 1529 resque
909 1453 1083 1505 suas
1131 1439 1542 1519 tuerentur3
1614 1426 1827 1521 Bagli
1892 1437 2126 1501 autem
2190 1451 2458 1523 pecora
2508 1430 2598 1502 ad

587 1554 675 1607 se
727 1532 1062 1628 compelli
1104 1534 1513 1628 Jussernnt,
1579 1551 1666 1602 se
1735 1533 1829 1600 ita
1895 1549 1980 1599 ea
2032 1539 2599 1602 ‚conservaturos

586 1632 917 1729 polliciti3
968 1636 1208 1727 itaque
1260 1629 1496 1702 coloni
1550 1633 1909 1723 ingentem
1954 1628 2169 1700 boum
2215 1629 2599 1704 multitudi-

588 1753 753 1805 nem
806 1755 900 1805 eo
952 1730 1444 1826 compulerunt
1496 1741 1570 1803 et
1622 1729 1708 1800 ad
1757 1731 1989 1800 sinum
2014 1726 2601 1823 Laxeusem.pa·

455 1847 468 1854 ”
588 1843 865 1906 verunt.
964 1832 1201 1906 Nocte
1255 1830 1554 1926 quadam
1602 1851 1735 1901 rex
1765 1827 2103 1916 Sverrer,
2156 1833 2479 1902 exercitu
2509 1830 2602 1900 ad

588 1953 676 2006 se
725 1941 1025 2018 vocatu,
1093 1951 1262 2003 arce
1318 1951 1707 2022 egressuS,
1776 1950 1909 2023 per
1958 1933 2334 2023 superiora
2383 1951 2603 2024 supra

588 2040 898 2102 montem
952 2031 1324 2124 profectus
1375 2032 1517 2100 iter
1565 2050 1696 2123 per
1746 2031 2084 2100 interiora
2118 2030 2602 2103 Alrekstados

587 2151 850 2204 versus
904 2130 1394 2213 circumflexit,
1446 2137 1521 2198 et
1571 2150 1825 2200 rursus
1880 2139 2286 2201 extrorsum
2337 2151 2603 2203 secun-

590 2232 754 2303 dum
806 2233 1038 2303 sinum
1072 2228 1715 2301 Alrekstadensem
1768 2229 1857 2300 ad
1910 2232 2135 2301 sinum
2168 2226 2603 2317 Laxensem,
2692 2269 2701 2272 -

585 2330 709 2405 ubi
761 2334 990 2426 copiae
1020 2328 1410 2424 Baglorum
1464 2329 1829 2423 dispositis
1879 2330 2304 2402 stationibus
2352 2352 2441 2402 se
2491 2341 2601 2403 te·-

587 2431 873 2518 nebant,
924 2431 1305 2507 contendit.
1386 2427 1710 2520 Quorum
1749 2428 2210 2503 excubitores
2242 2453 2387 2524 quo
2431 2429 2603 2503 loco

590 2542 864 2620 essent,
915 2554 1047 2626 per
1097 2531 1601 2625 exploratores
1651 2534 1919 2602 certior
1969 2529 2202 2604 factus
2252 2551 2413 2618 rex,
2459 2552 2603 2602 sex

588 2632 850 2704 milites
899 2635 1278 2727 praemisit,
1346 2639 1419 2701 ut
1470 2632 1728 2701 itinere
1781 2652 1984 2725 quam
2037 2633 2339 2702 maxime
2392 2652 2603 2703 acce·-

587 2730 818 2806 lerato
900 2732 1362 2802 excubitores
1445 2733 1850 2823 opprimere
1937 2739 2384 2803 conarentur.
2507 2730 2603 2802 Hi

590 2851 682 2903 eo
734 2839 1259 2924 pervenerunt,
1326 2828 1446 2899 ubi
1516 2829 1658 2900 duo
1713 2832 1844 2900 viri
1895 2832 1966 2899 in
2016 2832 2325 2903 statione
2379 2841 2604 2919 erant,

589 2952 883 3026 quorum
937 2928 1124 3001 alter
1170 2925 1741 3016 obdormiverat,
1810 2928 1994 3001 alter
2062 2929 2438 3022 vigilabat,
2505 2950 2602 3002 ex

590 3028 851 3125 quibus
902 3028 1021 3103 hic
1065 3050 1271 3122 gaeso
1322 3029 1630 3101 medinm
1679 3051 1944 3123 corpus
1981 3031 2604 3106 transverberatus

587 3130 966 3203 clamorem
1023 3130 1283 3216 edidit,
1355 3127 1482 3202 ille
1548 3151 1871 3202 somnum
1938 3129 2172 3201 oculis
2225 3134 2600 3216 excutiens

586 3240 884 3304 mortem
939 3230 1130 3305 obiit.
1230 3228 1442 3322 Bagli
1509 3228 1823 3305 clamore
1894 3229 2134 3303 audito
2200 3233 2598 3323 interroga·-

584 3341 770 3417 runt,
825 3333 991 3425 quid
1038 3329 1431 3403 excubitori
1469 3330 1878 3414 accidisset,
1931 3329 2124 3423 quod
2155 3339 2416 3402 tantum
2455 3330 2598 3404 cla-

585 3450 856 3504 morem
908 3429 1219 3501 tolleret.
1340 3426 1664 3516 Quibus,
1717 3431 1835 3522 qui
1885 3428 2432 3517 interfecerant,
2482 3451 2600 3501 re-

588 3528 1055 3620 sponderunt,
1104 3524 1500 3598 se·ludicri
1554 3546 1732 3620 ergo
1786 3527 2066 3616 facere3
2122 3533 2339 3621 genio
2370 3528 2600 3602 indul-

585 3648 843 3719 gemus
897 3637 971 3698 et
1022 3647 1156 3697 nos
1210 3624 1671 3697 oblectamus
1751 3626 2059 3698 Reversi
2097 3628 2601 3723 exploratores

585 3724 1007 3800 interfectos
1080 3726 1545 3798 excubitores
1615 3728 1772 3818 regi
1839 3729 2185 3814 nuntiant,
2258 3731 2377 3821 qui
2447 3751 2600 3802 rem

584 3824 931 3921 praeclare
1001 3827 1548 3898 administratam
1619 3846 1790 3898 esse
1859 3827 2292 3921 praedicavit.
2406 3828 2602 3900 Dein

583 3925 845 4000 milites
892 3926 1246 3998 adversus
1295 3926 1552 3998 hostes
1605 3925 1804 3997 duxit
1852 3936 1991 3998 tam
2043 3931 2282 4013 tacite,
2334 3938 2413 4000 ut
2458 3950 2602 4000 non

583 4027 785 4119 prius
849 4047 1099 4098 somno
1154 4015 1869 4119 expergiscerentur,
1940 4049 2142 4121 quam
2199 4026 2603 4100 Birkibeini

565 4144 811 4220 „naves
862 4146 1020 4200 cum
1071 4127 1248 4221 ipsis
1300 4127 1371 4198 iu
1421 4133 1681 4199 terram
1748 4123 2283 4219 pertrahet-enm
2359 4147 2600 4224 coque
