2950 4709
1526 414 1585 478 X

558 597 978 683 polyhistoris
1020 598 1334 664 costumni
1377 605 1444 661 et
1486 597 1876 676 amicissimi,
1918 599 2224 662 educatus
2267 604 2335 662 et
2367 597 2574 663 literis

556 706 839 767 imbutus
896 704 974 766 ab
1029 706 1329 786 episcopo
1399 702 1830 766 Sksiholtensi
1886 703 2206 766 Thorlaco
2276 703 2573 778 Renum,

556 807 693 890 qui,
738 815 907 872 teste
948 810 1388 889 Hungurvaka‚
1433 807 1514 869 de
1557 826 1636 869 eo
1678 808 1998 881 divinavit,
2041 808 2243 868 virum
2289 814 2416 869 tam
2461 825 2570 869 ex-

556 913 894 976 celientcm
959 914 1126 974 haud
1184 912 1375 975 facite
1444 931 1717 992 unquam
1786 913 1853 972 in
1927 912 2132 991 patria
2205 892 2573 973 extiturum.

557 1016 815 1080 Juvenis
892 1036 1007 1098 per
1063 1016 1443 1078 meridianas
1500 1016 1777 1095 Europae
1831 1023 2046 1097 partes
2103 1018 2574 1097 peregrinatus,

557 1119 762 1182 Romu
833 1121 1027 1182 rediit
1092 1139 1256 1179 antio
1319 1121 1519 1194 1152,
1598 1128 1667 1183 et
1724 1122 2120 1183 itinerarium
2191 1120 2571 1200 composuit,

330 1231 338 1238 '
432 1228 436 1232 ’
556 1222 809 1285 Florem
826 1225 1376 1305 peregrinationis
1406 1223 1787 1303 appeliatum
1824 1224 2041 1297 (Sturl.
2073 1224 2184 1284 lib.
2210 1224 2273 1284 3.
2309 1244 2370 1303 p.
2395 1222 2569 1298 2⁰5).

559 1327 744 1405 Quod
790 1346 1021 1390 nomen
1066 1346 1205 1388 cum
1251 1327 1673 1406 inscriptione
1714 1328 2091 1406 posterioris
2134 1328 2332 1406 partis
2365 1328 2569 1386 histo-

557 1431 675 1492 rioe
719 1431 1038 1493 Sverreris
1083 1437 1510 1512 comparatum
1556 1431 1827 1492 eundem
1882 1437 2202 1492 auctorem
2248 1431 2572 1509 respicere

556 1531 850 1608 videtur,
913 1553 1053 1597 cum
1117 1535 1262 1595 libri
1319 1515 1614 1595 Islaudiei
1671 1534 1817 1596 istis
1861 1534 2117 1612 quidem
2176 1532 2571 1613 temporibus

557 1637 775 1699 latinis
819 1637 1344 1717 inscriptionibus
1399 1639 1503 1696 vix
1545 1637 1996 1717 superbierint.
2080 1637 2331 1699 Praetor
2371 1636 2569 1697 islan-

560 1740 684 1802 diae
727 1741 854 1802 fuit
895 1743 973 1802 ab
1034 1760 1197 1801 anno
1246 1740 1404 1801 1181
1451 1741 1644 1814 (nist.
1691 1740 1887 1802 Sturi.
1932 1742 2041 1802 lib.
2088 1743 2144 1801 1.
2191 1761 2250 1821 p.
2298 1738 2445 1813 121)
2491 1738 2569 1799 ad

556 1859 788 1905 sunum
820 1842 1018 1903 1201.
1106 1845 1540 1921 Praeterquam
1586 1862 1621 1902 a
1666 1844 1898 1904 Csruio
1944 1845 2211 1917 abbate,
2275 1844 2446 1904 varia
2490 1842 2569 1903 ad

557 1947 748 2008 vitam
784 1947 1107 2009 Sverreris
1152 1946 1402 2007 discere
1445 1948 1656 2024 putuit
1698 1947 1775 2007 ab
1809 1948 2109 2026 episcopo
2137 1946 2569 2008 Skaiholtensi

556 2047 780 2124 Panic,
823 2050 1005 2113 Jonis
1047 2049 1338 2129 Luptidae
1382 2049 1542 2119 filio,
1587 2037 1706 2109 nec
1748 2066 1876 2109 non
1917 2049 1996 2110 ab
2028 2049 2211 2122 June,
2255 2043 2581 2112 Gronisu'x

559 2153 684 2216 ἀίω
715 2155 1040 2234 episcopo,
1084 2153 1258 2215 dicto
1296 2152 1618 2213 Sverreris
1648 2152 1923 2227 alumno,
1968 2153 2077 2232 qui
2106 2155 2287 2214 annis
2317 2152 2570 2212 1188-

555 2257 678 2332 80,
738 2253 1033 2317 1202-8
1087 2259 1154 2317 in
1216 2256 1489 2318 Islandia
1555 2264 1838 2319 versatus
1898 2264 2019 2319 est.
2066 2320 2070 2328 ,
2111 2257 2289 2318 Obiit
2341 2257 2569 2316 Gissur

555 2361 756 2423 Hsuii
800 2362 973 2422 fliius
1017 2378 1183 2420 anuo
1229 2359 1432 2433 1200,
1476 2359 1741 2423 Carolus
1786 2363 1975 2424 abbas
2020 2360 2187 2424 1212
2230 2367 2337 2422 aut
2380 2359 2567 2422 1213.

555 2463 806 2540 Helius,
850 2466 1024 2526 filius
1071 2465 1379 2536 (fissuris,
1423 2466 1592 2545 patri
1635 2465 1940 2528 suffectus
1986 2471 2325 2544 proeturam
2369 2465 2571 2544 gessit

555 2569 635 2629 nb
679 2586 846 2629 anno
892 2568 1050 2629 1201
1099 2569 1178 2627 ad
1213 2568 1400 2642 1210,
1444 2588 1882 2632 successorem
1918 2575 2138 2630 nactus
2170 2569 2567 2630 sacerdotem

560 2671 953 2749 Styrmerem
999 2672 1485 2750 polyhistor-em,
1536 2672 1642 2750 qui
1687 2667 1858 2732 circa
1900 2672 2025 2732 hoc
2069 2679 2317 2751 tempus
2363 2671 2567 2731 histo-

554 2774 717 2835 riam
763 2773 1083 2836 Sverreris
1127 2774 1546 2854 exscripsisse
1586 2775 1856 2835 videtur.
1945 2775 2100 2852 Quae
2144 2774 2569 2835 additamenta

556 2876 847 2938 histor-ize
891 2878 1220 2958 adiecerit,
1264 2895 1433 2940 nunc
1476 2895 1603 2939 non
1648 2878 1885 2957 iiquet3
1929 2879 2025 2939 ilii
2068 2896 2214 2939 vero
2251 2878 2417 2940 haud
2451 2880 2567 2938 du-

555 2980 664 3041 bie
707 2979 977 3041 debetur
1018 2983 1255 3042 mentio
1296 2981 1618 3043 Guttormi
1663 2981 2150 3061 archiepiscopi,
2195 2984 2304 3060 qui
2338 3001 2566 3044 munus

557 3101 739 3145 suum
810 3085 1093 3164 suscepit
1164 3103 1328 3146 anno
1386 3085 1556 3146 1214
1614 3087 1789 3162 (hist.
1847 3085 2061 3147 Sverr.
2120 3104 2174 3146 c.
2238 3084 2434 3160 161),
2501 3093 2568 3148 et

558 3188 760 3268 plura.
869 3189 1170 3251 Ceterum
1228 3189 1521 3269 Styrmer
1573 3190 1841 3253 Snorrio
1895 3191 2170 3252 Sturioeo
2234 3189 2566 3251 familiaris

556 3299 735 3366 erat,
803 3292 1068 3373 ejusque
1124 3301 1347 3374 postea
1410 3296 1621 3357 scriba
1675 3303 1742 3358 et
1783 3302 2177 3375 procurator.
2263 3294 2567 3356 Snorrius

556 3402 766 3457 autem
827 3395 1163 3478 historiam
1221 3405 1329 3459 aut
1385 3399 1462 3459 ab
1519 3399 1884 3477 Styrmere,
1942 3406 2049 3463 aut
2106 3418 2139 3461 s
2178 3398 2375 3460 Paulo
2430 3397 2610 3478 epi--

556 3516 788 3578 scopo,
849 3491 1119 3578 quocum
1162 3519 1287 3563 una
1329 3501 1633 3564 educatus
1675 3511 1848 3578 erat,
1906 3512 2015 3567 aut
2073 3506 2149 3566 ab
2194 3505 2334 3584 ipso
2378 3502 2567 3563 Hanc

558 3603 844 3664 Gissaris
905 3599 1078 3678 lilio,
1152 3610 1372 3685 postes
1436 3604 1666 3668 abbate
1716 3607 2216 3689 Helgafeliensi‚
2278 3606 2571 3668 obtinere

555 3708 786 3787 potuit.
895 3709 951 3770 A
1006 3727 1131 3789 quo
1188 3711 1255 3772 in
1313 3710 1796 3791 compendium,
1869 3714 2054 3793 quale
2118 3712 2376 3776 exhibet
2423 3710 2565 3771 cod.

557 3813 969 3895 Eyrspennil,
1012 3813 1330 3877 redactam
1373 3834 1542 3893 esse,
1588 3834 1777 3897 supra
1823 3818 2323 3882 demonstratum
2362 3819 2483 3875 est.

1757 4127 1765 4140 ι’
