2950 4709
299 350 305 358 ·
354 348 426 414 c,
451 348 557 413 52,
790 349 1160 401 msronm
1214 349 1438 400 ansts
1496 349 1932 401 svnnnums.
2253 328 2366 415 91

351 542 632 607 xerunt.
695 537 768 605 in
850 536 1088 624 simun⁸
1147 555 1190 606 a
1251 533 1641 608 meridiano
1705 534 2103 607 Nordnesl·
2139 533 2369 608 latere

350 637 572 706 remis
622 635 994 709 advectam
1044 635 1134 706 ad
1176 633 1508 708 Holmum
1540 634 1848 730 adpelli‚
1898 634 2368 730 hominesque

351 733 731 806 confestim
798 737 874 805 iu
923 743 1183 806 terram
1237 757 1652 807 excurrere.
1753 735 2037 827 Quibus
2087 735 2368 808 obviam

354 833 815 905 descendens
855 856 997 907 rex
1036 856 1220 906 suos
1262 856 1433 906 esse
1469 834 1968 930 speculatores
1995 838 2375 928 cognovit3

352 952 661 1027 cumque
708 936 1222 1006 convenissent
1264 943 1339 1006 et
1367 937 1554 1006 inter
1582 955 1669 1006 se
1696 934 2155 1022 salutassent,
2203 938 2368 1027 regi

350 1035 670 1104 nuntium
718 1033 1043 1119 afferunt,
1092 1055 1179 1105 se
1230 1032 1397 1106 vela
1445 1037 1925 1129 conspexisse
1976 1036 2177 1127 regis
2202 1034 2366 1106 Ma-

351 1136 476 1225 gni
539 1153 841 1205 numero
907 1133 1210 1228 anaplius
1260 1136 1580 1227 triginta,
1645 1133 2099 1228 classemque
2148 1134 2366 1206 modo

352 1253 396 1304 a
425 1234 726 1305 meridie
763 1254 897 1327 per
928 1231 1351 1305 Hardsaeum
1384 1238 1791 1327 navigasse.
1866 1233 2060 1321 Rex,
2110 1233 2365 1328 ”atque

351 1335 559 1404 nimis
609 1354 838 1427 prope
904 1332 1081 1405 nos’'
1098 1385 1121 1422 ,
1200 1336 1569 1430 inquiens,
1635 1339 1937 1407 accitum
1984 1333 2365 1406 tubicinem

352 1431 823 1504 vehementer
870 1434 1119 1505 inflare
1167 1433 1403 1505 tubam
1446 1437 1681 1526 jussit.
1777 1433 1970 1526 Ipse,
2020 1437 2183 1506 navi
2232 1454 2368 1505 sua

353 1532 720 1628 extemplo
771 1553 1210 1620 conscensa,
1269 1534 1547 1605 navalia
1611 1535 1913 1605 tentoria
1980 1535 2369 1620 removeri,

269 1665 274 1669 ·
352 1654 755 1729 navemque
785 1636 858 1704 in
883 1637 1112 1706 sinum
1142 1636 1363 1704 remis
1393 1632 1608 1706 evehi
1627 1635 1882 1726 Jussit;
1931 1632 2124 1727 quod
2174 1632 2368 1703 idem

351 1734 470 1805 sui
519 1754 772 1806 omnes
819 1733 1172 1820 fecerunt,
1224 1732 1534 1806 classem
1582 1738 1657 1804 in
1706 1736 1870 1805 sinu
1918 1753 2057 1804 una
2100 1735 2365 1804 consti-

351 1842 664 1905 tuentes,
763 1833 902 1905 Hic
950 1853 1088 1904 rex
1139 1854 1378 1906 coram
1434 1836 1758 1906 exercitu
1807 1830 2381 1914 orationem'haffi

351 1930 528 2020 buit,
591 1936 702 2006 sic
755 1933 1043 2006 dicens:
1110 1955 1249 2005 rex
1310 1935 1630 2028 Magnus
1694 1954 1855 2006 cum
1920 1935 2152 2028 copiis
2210 1936 2368 2006 suis

351 2034 772 2127 propediem
838 2056 976 2106 nos
1042 2036 1463 2121 conveniet,
1532 2033 1840 2107 classem
1907 2033 2224 2119 hahens,
2256 2035 2263 2044 ’
2290 2042 2371 2105 ut

350 2132 544 2205 haud
612 2133 826 2206 dubie
886 2137 1259 2226 cognostis
1277 2186 1300 2221 ,
1366 2133 1670 2228 amplius
1728 2137 2013 2227 triginta
2062 2134 2367 2218 navium,

352 2255 514 2305 cum
563 2255 702 2306 nos
747 2233 1229 2306 tantummodo
1299 2236 1623 2306 sedecim
1682 2255 1910 2306 naves
1957 2233 2365 2305 habeamus.

349 2332 520 2404 Non
569 2333 837 2421 dubito,
887 2336 1056 2429 quin
1106 2355 1390 2428 parvam
1440 2354 1832 2405 successus
1863 2355 2067 2427 spem
2095 2329 2368 2404 hahere

350 2433 564 2505 vobis
612 2436 1005 2520 videamur,
1055 2437 1121 2506 si
1171 2454 1328 2504 cum
1379 2436 1593 2505 tantis
1644 2435 1873 2526 copiis
1922 2432 2131 2505 nobis
2168 2433 2368 2503 dimi-

354 2535 655 2605 candum
706 2537 824 2621 sit,
877 2542 958 2605 ut
1005 2533 1358 2626 reliquum
1411 2523 1621 2604 nohis
1674 2553 1846 2606 esse
1896 2530 2247 2618 videatur,
2294 2534 2369 2602 in

353 2634 983 2728 septemtrionales
1045 2635 1257 2725 regni
1310 2643 1557 2728 partes
1606 2631 2020 2752 profugere.
2122 2629 2369 2723 Quare

354 2754 492 2805 vos
543 2734 919 2806 consultos
970 2733 1182 2819 volo,
1248 2744 1480 2806 utrum
1531 2732 1644 2804 his
1694 2736 1963 2825 copiis,
2016 2754 2195 2828 quas
2244 2730 2368 2803 ha-

351 2831 634 2922 bemns
686 2833 1006 2928 praelium
1059 2837 1526 2920 committere,
1576 2854 1665 2904 an
1705 2833 1943 2925 sugam
1977 2852 2369 2928 capessere

352 2932 628 3005 malitis.
706 2932 978 3005 Verum
1032 2955 1126 3005 ex
1175 2955 1317 3028 quo
1366 2944 1693 3027 tempore
1742 2934 1836 3004 ad
1884 2933 2368 3005 Ilattarhama·

350 3053 506 3103 rem
569 3032 916 3126 fugimuS‚
985 3033 1072 3105 ad
1129 3034 1203 3104 id
1252 3042 1578 3127 tempuS‚
1645 3056 1803 3104 cum
1857 3036 2226 3105 victoriam
2276 3031 2372 3103 ad

349 3130 579 3203 Hirtae
647 3143 935 3225 pontem
999 3136 1564 3227 reportavimus,
1623 3153 1771 3203 -res
1847 3140 2114 3203 nostrae
2144 3175 2153 3179 <
2180 3140 2371 3204 statu

349 3232 796 3323 iniquissimo
868 3254 1046 3305 esse
1095 3231 1265 3302 mihi
1314 3235 1492 3304 visae
1544 3240 1731 3301 sunt.
1831 3229 1994 3321 Jam
2047 3243 2277 3323 nuper
2326 3250 2371 3299 a

349 3350 533 3423 rege
583 3332 867 3425 Magno
910 3334 1001 3404 ad
1054 3334 1403 3422 orientem
1454 3334 1528 3401 in
1557 3330 1745 3401 Vika
1793 3330 1985 3424 pulsi
2034 3328 2369 3422 fugimuS,

351 3452 574 3522 quare
623 3436 981 3525 suspicor,
1033 3437 1100 3505 si
1156 3435 1362 3504 etiam
1413 3453 1601 3504 nunc
1653 3433 1809 3503 sine
1860 3429 2112 3524 praelio
2166 3429 2368 3501 anfu-

350 3531 619 3621 gimus,
686 3530 879 3603 haud
944 3555 1272 3627 maguum
1337 3542 1695 3604 terrorem
1746 3553 1790 3602 a
1837 3530 2047 3603 nobis
2098 3530 2191 3601 ad
2241 3529 2365 3602 ad-

347 3633 719 3703 versarios
783 3632 1291 3726 profecturum.
1390 3631 1530 3705 Hic
1564 3654 1756 3716 ‚cum
1818 3630 2230 3725 complures
2278 3650 2367 3702 se

345 3729 439 3800 ad
488 3728 729 3824 fugam
783 3753 960 3805 esse
1005 3737 1384 3827 proniores
1409 3732 1899 3817 ostenderent,
1949 3740 2185 3803 tamen
2211 3750 2366 3801 rem

346 3832 551 3922 regis
600 3830 895 3904 arbitrio
942 3835 1458 3928 permiserunt3
1512 3851 1958 3925 magnusque
2003 3835 2191 3902 inter
2239 3832 2364 3899 mi-

345 3927 517 4001 lites
542 3929 871 4005 fremitus
907 3936 1202 4019 exstitit,
1252 3931 1445 4026 qnod
1496 3954 1655 4005 cum
1707 3950 2006 4003 numero
2055 3929 2367 4002 hostium

343 4029 593 4123 impari
661 4043 868 4105 esset
943 4032 1486 4124 confligendum.
1598 4029 1779 4104 Tum
1845 4051 2019 4104 rex,
2048 4027 2363 4103 Sverrer

347 4127 540 4212 clara
591 4151 778 4212 voce
825 4132 1110 4208 locutus
1162 4141 1312 4206 est:
1365 4154 1525 4226 quae
1561 4130 1725 4204 Dei¹
1777 4133 2119 4226 regisque
2146 4125 2363 4210 Olavi
