2950 4709
613 379 794 470 m
1044 400 1407 456 nimenta
1458 399 1684 452 neeis
1737 397 2175 451 svnnmus.
2267 394 2342 467 c,
2370 394 2660 470 137-38..

619 593 806 664 stein
858 586 1173 680 colloqui
1226 607 1384 658 cum
1434 582 1687 678 Baglis
1715 588 1960 679 potuit.
2035 582 2196 656 Huc
2225 608 2386 657 cum
2421 586 2630 660 Gud-

619 689 935 761 hrandus
985 686 1293 759 Juvenis
1346 688 1437 756 ad
1510 707 1669 756 eum
1734 688 2261 778 processisset,
2326 688 2630 759 consilia

617 793 804 861 inter
864 810 950 860 se
1030 786 1513 871 contulerunt,
1599 783 1926 856 hortante
1995 782 2471 873 Thorsteine,
2549 796 2631 858 ut

616 888 832 982 Bagli
878 890 1173 981 primum
1221 890 1294 957 in
1347 886 1676 979 oppidum
1725 884 2284 973 descenderent,
2330 883 2630 979 vesperi

618 1010 822 1073 vero,
873 986 1396 1080 insperantibus
1431 984 1867 1072 castellanis,
1918 985 2278 1056 redirent:
2331 993 2474 1072 tum
2514 985 2630 1055 hat

622 1089 897 1160 eaedem
949 1085 1153 1158 fores
1193 1095 1271 1156 ut
1320 1095 1589 1177 apertae
1608 1088 1622 1101 “’
1643 1088 1803 1170 sint,
1856 1084 2142 1155 curabo.
2245 1086 2629 1158 Gudhrana

623 1188 761 1259 dus
822 1188 1137 1258 vicissim
1206 1188 1490 1254 nomine
1541 1182 1930 1275 Baglorum
1985 1183 2311 1256 omnibus
2364 1184 2630 1256 castel-

619 1285 802 1359 lanis
830 1284 1402 1369 incolumitatem,
1455 1281 1950 1375 armorumque
1995 1304 2079 1355 ac
2106 1287 2415 1356 vestium
2447 1284 2632 1356 libe

617 1409 775 1459 rum
826 1406 1033 1457 usum
1072 1382 1432 1476 pollicitus
1483 1391 1614 1453 est.
1694 1381 1887 1452 Dein
1923 1380 2186 1475 Bagli
2167 1405 2237 1453 m
2289 1385 2629 1478 oppidum·

607 1484 1189 1569 descenderunt,
1255 1486 1694 1576 vesperique
1761 1482 1849 1552 ad
1918 1501 2156 1553 arcem
2223 1484 2629 1555 adscende

620 1595 818 1673 runt3
881 1595 1028 1656 tum
1081 1581 1469 1654 Th0rstein
1519 1580 2088 1676 pseudothyrum
2150 1583 2418 1676 aperit,
2486 1603 2630 1677 qua

621 1638 835 1777 Bagl’i
902 1684 1415 1776 ingrediuntur.
1544 1681 1830 1752 Accidit
1900 1679 2044 1751 hoc
2114 1702 2205 1753 co
2272 1694 2631 1777 tempore,

624 1807 766 1881 quo
817 1783 1188 1857 castellani
1238 1783 1640 1853 coenabant:
1708 1783 1826 1875 qui
1889 1783 2188 1852 animum
2236 1798 2380 1853 non
2428 1785 2630 1877 prius

623 1886 1105 1968 adverterunt,
1161 1905 1364 1975 quam
1415 1903 1544 1952 arx
1592 1879 1845 1972 Baglis
1896 1878 2109 1972 plena
2162 1892 2380 1953 esset.
2486 1882 2629 1953 Ca-

620 1981 927 2068 stellani,
975 1984 1122 2052 vita
1173 1983 1432 2067 donati,
1484 1989 1736 2053 vestes
1787 1978 2044 2074 quihus
2078 1980 2458 2053 utebantur
2504 2001 2627 2053 re-

619 2088 1015 2168 tinuerunt3
1081 2083 1341 2174 paucis·
1379 2102 1605 2164 arma,
1666 2083 1925 2150 nemini
1976 2084 2274 2171 pecunia
2327 2082 2628 2153 reddita.⁴

618 2181 993 2273 Asgautus
1058 2202 1142 2250 ac
1191 2177 1520 2271 Bjalvius
1588 2187 1987 2251 extrorsum
2056 2184 2125 2250 in
2178 2203 2433 2274 pagum
2485 2185 2632 2253 iter

623 2288 1154 2367 converterunt,
1205 2277 1591 2373 Thorstein
1627 2277 1980 2372 Kugadus
2028 2278 2280 2372 Baglis
2334 2302 2628 2374 operam

621 2404 821 2456 suam
873 2381 1164 2466 addixit,
1220 2400 1499 2473 eosque
1548 2382 1922 2452 comitatus
1976 2391 2108 2451 est.
2210 2377 2446 2472 Bagli,
2499 2403 2625 2453 oc·-

626 2484 904 2576 cupatis
967 2480 1291 2552 omnibus
1358 2484 1720 2571 pecuniis,
1800 2499 1964 2573 quae
2031 2483 2102 2549 in
2164 2502 2334 2550 arce
2400 2490 2629 2566 erant,

624 2603 881 2654 omnes
929 2581 1204 2667 domoS,
1256 2588 1598 2674 quotquot
1647 2578 1743 2650 ibi
1798 2588 2034 2666 erant,
2085 2580 2628 2669 inflammarunt}

619 2690 968 2752 mortuum
1023 2701 1311 2771 corpus,
1361 2679 1458 2747 ibi
1512 2689 1910 2771 repertum,
1959 2682 2031 2748 in
2083 2687 2368 2770 puteum
2425 2680 2626 2772 deje-

621 2789 896 2864 cerunt,
947 2798 1265 2870 saxaque
1317 2781 1953 2869 superinjecerunt,
2012 2779 2245 2849 donec
2296 2778 2623 2872 repletus

623 2887 858 2965 csset3
924 2877 1317 2969 oppidanos
1369 2887 1852 2948 convocarunt
1867 2917 1893 2964 ,·
1951 2882 2071 2973 qui
2138 2899 2383 2950 muros
2448 2878 2626 2971 lapi-

624 2980 848 3063 deoS,
950 2985 1322 3069 antequam
1421 2975 1901 3048 abscederent
1975 2978 2136 3049 solo
2217 2988 2623 3073 aequarent3

621 3098 877 3150 omnes
926 3097 1151 3148 naves
1201 3075 1459 3169 longas
1508 3077 1788 3169 regiaS,
1858 3087 2232 3170 antequam
2284 3078 2622 3170 digrede-

617 3186 904 3262 rentur,
973 3178 1458 3272 incenderunt.
1521 3203 1522 3210 ¹
1575 3175 1708 3248 His
1774 3177 2123 3248 confectis
2190 3178 2413 3250 rebus
2479 3180 2626 3248 iter

617 3281 691 3354 in
740 3274 1069 3371 Uplanda
1121 3285 1665 3363 converterunt,
1730 3296 2049 3368 magnam
2112 3280 2484 3371 pecuniam
2546 3279 2620 3346 in

619 3377 756 3448 hac
810 3377 1269 3470 expeditione
1322 3375 1777 3446 lucrifecisse
1827 3376 1964 3446 sibi
2015 3379 2171 3447 visi.

765 3473 943 3546 Rex
994 3472 1314 3545 Sverrer
1366 3484 1796 3545 conventum
1848 3474 2264 3546 colonorum
2313 3479 2491 3571 aqit.

823 3572 992 3643 138.
1090 3571 1250 3641 Hoc
1334 3572 1428 3642 de
1514 3594 1695 3664 rege
1763 3573 2119 3646 Sverrere
2195 3577 2620 3647 narrandum

621 3682 771 3759 est,
820 3672 1060 3766 quod,
1114 3692 1271 3742 cum
1326 3692 1367 3741 e
1421 3674 1582 3744 sinu
1636 3671 1983 3745 Osloensi
2035 3674 2405 3761 solvisset,
2448 3673 2619 3747 cur-

617 3794 776 3846 sum
811 3771 1178 3842 meridiem
1220 3782 1483 3843 versus
1509 3773 1582 3842 in
1615 3771 2046 3845 Godmarem
2083 3774 2306 3861 flexit,
2352 3777 2617 3845 sinum-

618 3893 760 3966 que
814 3875 1188 3963 ingressus
1239 3872 1331 3941 ad
1380 3880 1642 3943 terram
1692 3867 2184 3960 meridianam,
2252 3892 2395 3969 quo
2447 3873 2626 3965 loco,

616 3970 981 4063 Fyrileiva
1033 3971 1327 4056 dieitur,
1395 3971 1695 4065 appulit,
1764 3984 2264 4067 conventuque
2316 3973 2614 4045 colono-

617 4092 772 4141 rum
836 4071 1137 4155 indicto,
1209 4072 1319 4140 eis
1383 4069 1647 4140 crimini
1712 4073 1944 4157 dedit,
2006 4073 2199 4165 quod
2261 4073 2619 4143 adversus

617 4189 704 4239 se
754 4172 825 4242 in
877 4166 1327 4261 Semstjordo
1381 4172 1609 4261 copiis
1644 4169 2048 4241 collectitiis
2099 4171 2616 4257 interfuissent,
