2950 4709
317 357 560 427 (2159,
633 319 638 322 ⁸
769 362 1134 413 uls-rotun
1187 361 1412 426 nutus
1468 314 1906 411 srnnnn‘nts.
2153 336 2339 424 271

317 548 769 634 convenerit,
818 544 1364 620 incolumitatem
1432 547 1848 637 conceditc3
1912 558 2326 642 propterea,-

317 649 512 743 quod
554 652 696 739 jam
749 651 1198 741 perspicuum
1255 657 1402 733 est,
1454 647 1709 719 hostes
1761 656 2051 720 nostros
2104 669 2151 718 a
2196 671 2328 721 no-

317 748 453 835 bis,
504 751 643 818 nisi
692 746 890 819 ferro
939 769 1025 818 ac
1075 747 1264 833 telis,
1320 746 1552 818 deleri
1602 770 1743 818 non
1793 768 2037 840 posse.
2126 748 2325 820 Mul-

315 857 435 920 tos
505 846 722 918 hodie
806 850 992 918 inter
1071 844 1349 940 Baglos
1415 849 1838 932 invenietis,
1893 850 2043 941 *qui
2110 846 2326 919 fidem

306 946 769 1040 jurisJurandi
797 945 1213 1033 fefellerint,
1266 950 1381 1042 qui
1421 945 1688 1017 nefaria
1717 949 1787 1014 in
1817 967 2065 1039 regem
2119 969 2325 1018 suum

169 1117 198 1132 ,
315 1048 788 1141 patraverint3
869 1067 1168 1140 quorum
1247 1044 1610 1118 scelerum
1682 1049 1827 1137 jam
1907 1048 2326 1137 gravissima

316 1144 667 1239 supplicia
697 1144 995 1217 dabunt.
1099 1145 1348 1232 Navis,
1401 1168 1605 1240 quam
1661 1149 2044 1238 episcopus
2098 1146 2326 1217 duxe-

217 1255 226 1268 “
312 1256 457 1331 rat,
507 1244 745 1316 soluta
795 1244 1193 1333 ferebatur3
1263 1249 1379 1322 cui
1431 1268 1630 1331 cum,
1693 1244 1931 1316 classe
1983 1256 2168 1317 aestu
2212 1246 2325 1316 di-

316 1339 839 1431 ducta‚'locus
904 1345 1308 1416 excedendi
1358 1348 1546 1415 inter
1595 1366 1819 1417 naves
1869 1344 2324 1418 Birkibeino-

312 1468 465 1518 rum
538 1445 743 1515 datus
813 1454 1057 1529 esset,
1128 1447 1516 1537 episcopus
1585 1443 1925 1515 discessit
1994 1453 2068 1515 et
2126 1444 2328 1517 litori

316 1545 809 1635 adremigavit‚
860 1541 1211 1629 omnibus,
1260 1542 1520 1637 quibus
1549 1546 1724 1613 satis
1771 1542 2112 1615 firmitatis
2148 1555 2325 1631 erat,

314 1648 389 1716 in
437 1653 701 1715 terram
756 1641 1316 1712 excurrentibus.
1432 1641 1593 1712 Hoc
1658 1643 1775 1712 die
1826 1664 1959 1713 rex
2010 1641 2329 1715 Sverrer

315 1747 618 1836 sagittas
669 1740 1094 1813 arcubalista
1148 1741 1544 1829 emittebat3
1598 1742 1789 1836 quod
1822 1742 2006 1813 idem
2049 1742 2323 1816 faciens

193 1878 200 1884 ·
312 1839 688 1937 Philippus
741 1843 1067 1936 dynasta,
1119 1840 1458 1913 lacertum
1511 1837 1643 1911 sub
1695 1845 2028 1914 manicam
2075 1842 2324 1915 loricae

317 1948 576 2037 sagitta
627 1947 851 2028 ictus,
921 1940 1135 2013 telum
1201 1963 1345 2012 non
1406 1943 1603 2035 prius
1656 1955 1860 2036 quam
1918 1946 2325 2038 insequenti

316 2065 632 2138 vespere
685 2045 1008 2113 extraxit.
1107 2040 1496 2126 Raudsida‚
1548 2065 1685 2136 qua
1736 2046 2122 2137 episcopus
2154 2064 2324 2114 rex·

317 2166 455 2241 que
523 2144 942 2234 designatus
1008 2142 1484 2227 vehebantur,
1551 2165 1694 2214 non
1762 2146 2054 2236 propius
2103 2163 2145 2213 a
2194 2161 2324 2237 pu-

319 2266 478 2337 gnae
531 2200 729 2315 locoo
748 2242 1019 2327 aberat,
1068 2264 1271 2335 quam
1324 2252 1400 2312 ut
1450 2263 1755 2312 cernere
1807 2252 2129 2334 possent,
2181 2264 2325 2337 quo

314 2365 402 2415 se
454 2345 751 2414 victoria
799 2340 1188 2411 inclinaret.
1288 2333 1444 2430 Qui
1486 2363 1643 2411 cum
1696 2341 2051 2427 viderent,
2097 2341 2323 2413 fortu-

316 2464 474 2513 nam
527 2441 618 2512 ad
669 2439 1126 2512 Birkibeinos
1180 2443 1408 2531 magis
1465 2439 1849 2525 inclinare,
1918 2450 2323 2512 extrorsum

315 2563 452 2636 per
512 2545 743 2612 sinum
807 2548 1062 2633 quanta
1122 2547 1506 2632 potuerunt
1558 2541 1813 2609 virium
1867 2541 2322 2611 contentione
2420 2593 2433 2598 -

315 2644 767 2733 remigarunt.
843 2638 987 2710 Ubi
1037 2660 1215 2710 vero
1269 2636 1584 2709 milites
1564 2660 1636 2708 m
1664 2641 1823 2708 navi
1851 2637 2326 2710 Halvardiana

319 2744 584 2812 cadere
637 2747 1058 2833 coepcrunt,
1093 2748 1668 2831 propugnatores
1720 2741 1943 2831 regiae
1996 2742 2195 2810 navis
2249 2749 2335 2812 et·

319 2842 650 2934 dynastae
696 2843 766 2909 in
820 2859 972 2909 eam
1026 2838 1540 2924 transcendere
1585 2838 2128 2925 contenderunt,
2180 2827 2323 2934 quo
2440 2841 2445 2848 ’

315 2940 504 3013 facto
557 2943 760 3012 navis
813 2937 1319 3010 defensoribus
1378 2938 1629 3009 nudari
1682 2941 1909 3031 coepit.
2027 2938 2325 3011 Halvar-
2332 2965 2339 2970 ·

249 3099 256 3107 .
320 3041 455 3112 dus
506 3062 547 3109 a
600 3039 801 3111 celsa
845 3041 1066 3131 puppi
1117 3041 1189 3107 in
1239 3038 1541 3108 mediam
1582 3058 1830 3108 navem
1871 3047 2038 3130 post
2067 3039 2322 3111 malum

317 3140 406 3211 ad
458 3137 1066 3231 propugnaculum
1118 3135 1430 3226 ligneum
1484 3136 1872 3227 refugerat,
1927 3136 2167 3231 ibique
2220 3142 2324 3207 in-

315 3237 666 3310 terfectus
721 3245 849 3308 est.
950 3234 1393 3305 Versabatur
1445 3237 1516 3302 in
1556 3238 1766 3327 puppi
1799 3238 1999 3306 navis
2027 3235 2324 3307 Ha‘lvar-

319 3340 544 3409 dianae
597 3340 730 3423 vir,
784 3335 1138 3407 cassidem
1192 3332 1610 3425 chalybeam
1667 3343 1738 3405 et
1787 3333 2115 3422 loricam,
2170 3335 2325 3407 Go-

316 3437 507 3510 thica
555 3437 781 3508 forma
832 3445 1237 3528 utramque,
1304 3454 1592 3526 gerens.
1710 3435 1845 3507 Hic
1895 3437 2120 3528 primo
2178 3438 2322 3527 jam

315 3536 567 3631 praelio
620 3540 855 3628 stipite
908 3536 1094 3605 adeo
1147 3537 1330 3606 ictus
1390 3543 1537 3620 est,
1603 3544 1683 3606 ut
1748 3555 1968 3605 nasus
2033 3556 2323 3627 magno·

315 3657 498 3731 pere
531 3635 922 3706 laederetur
957 3645 1031 3706 et
1059 3635 1656 3722 contunderetur3
1707 3638 1871 3706 navi
1909 3643 2138 3705 autem
2196 3636 2324 3705 de-

316 3734 726 3809 fensoribus
786 3733 1046 3804 nudata
1097 3737 1168 3804 in
1220 3737 1720 3804 munimentum
1772 3733 2086 3824 ligneum
2136 3733 2325 3828 apud

314 3835 572 3910 malum
603 3834 1097 3907 adscenderat.
1167 3831 1344 3903 Tum
1398 3832 1678 3926 quidam
1730 3832 2145 3919 aulicorum,
2195 3854 2324 3904 no-

315 3939 504 4007 mine
556 3934 827 4021 Askel,
877 3935 1152 4025 magnis
1203 3934 1531 4025 corporis
1581 3932 1853 4004 viribus
1907 3944 1982 4005 et
2031 3933 2323 4004 loricam

316 4033 593 4107 laminis
622 4045 1020 4108 consertam
1051 4031 1358 4117 indutus
1410 4029 1713 4124 prodiit,
1746 4042 1820 4103 et
1867 4034 2324 4104 adscendens

323 4156 485 4207 cum
512 4137 959 4233 oppugnavit.
1010 4132 1143 4205 Vir
1172 4139 1620 4228 oppugnatus
1647 4154 1785 4205 nec
1815 4132 2150 4227 gladium,
2180 4150 2325 4214 nec
