2950 4709
322 371 396 443 c,
428 371 686 443 mono,
774 377 1137 430 maroam
1191 377 1416 427 neers
1469 376 1910 426 emuna-urs.
2159 348 2337 438 297

322 568 554 640 la‘tere
605 569 841 652 stetit,
892 563 1132 636 classe
1184 559 1573 655 Baglorum
1630 560 1845 656 paulo
1896 563 2193 656 propius
2242 555 2339 632 ad

322 670 692 739 meridiem
763 670 962 760 Juxta
1043 664 1214 736 litus
1275 667 1674 734 constituta.
1790 661 2031 734 Prima
2099 665 2338 734 statim

322 768 490 841 luce
557 787 693 839 rex
762 789 918 839 cum
989 763 1361 837 celocibus
1431 772 1508 833 et
1557 761 1839 836 levibus
1888 766 2191 854 navigiis
2243 762 2338 834 ad

324 869 758 963 quaerendos
805 865 973 938 illos
1023 869 1242 936 remis
1274 862 1672 950 contendit3
1724 863 1859 933 sed
1910 860 2118 954 Bagli
2174 871 2339 933 ante

322 968 559 1040 lucem
614 966 775 1041 vela
825 969 898 1036 in
950 965 1162 1036 altum
1215 965 1591 1049 dederant,
1641 983 1827 1055 quos
1879 984 2018 1034 rex
2059 965 2202 1054 jam
2234 965 2338 1033 in·-

326 1077 625 1140 seoutus
682 1076 812 1138 est.
897 1065 1042 1157 Qui
1094 1086 1253 1137 cum
1305 1066 1606 1134 animum
1654 1064 2165 1149 advertissent,
2217 1084 2340 1133 na-

326 1188 464 1240 ves
515 1165 1084 1238 Birkibeinorum
1136 1187 1310 1237 suas
1362 1164 1732 1236 celeritate
1783 1183 2155 1258 superare,
2212 1184 2340 1234 ne·

325 1288 469 1361 que
520 1289 746 1361 posse
798 1287 977 1338 sese
1032 1267 1378 1358 effugere,
1432 1285 1650 1337 eursu
1685 1284 2046 1337 converso
2083 1267 2339 1336 intror-

324 1388 482 1439 sum
538 1368 625 1438 ad
681 1378 939 1439 terram
993 1367 1530 1439 contenderunt.
1607 1363 1788 1436 Tum
1821 1365 2091 1436 corbita
2142 1385 2340 1459 quae·-

326 1469 510 1554 dam,
562 1490 765 1561 quam
819 1466 1128 1537 ducebat
1179 1465 1515 1556 Saebjorn
1563 1461 1845 1551 LimuS,
1912 1463 1999 1535 ab
2052 1464 2197 1535 alto
2249 1465 2342 1534 ad

328 1571 812 1660 promontoria
877 1563 1229 1637 Tunaaeal
1301 1563 1748 1635 deflectebat.
1849 1563 2057 1634 Hunc
2105 1564 2340 1634 Birki·

327 1667 523 1739 heini
574 1671 793 1737 remis
842 1669 1185 1751 insecuti,
1235 1664 1616 1756 Saebjorne
1668 1686 1825 1736 cum
1878 1662 2111 1736 altero
2164 1659 2346 1735 effu-'

328 1770 598 1860 gieute,
650 1767 946 1862 reliquis
978 1766 1301 1839 omuibus
1331 1763 1754 1850 interfectis»,
1807 1764 2144 1836 corbitam
2179 1785 2343 1836 oum

329 1868 654 1941 omnihus
706 1867 951 1954 rehuS,
1003 1888 1162 1961 quae
1197 1870 1266 1935 iu
1302 1887 1388 1935 ea
1420 1874 1642 1951 eraut,
1695 1876 2060 1957 ceperunt.
2126 1860 2341 1958 Bagli

328 1990 487 2040 cum
538 1979 817 2064 septem
871 1966 1242 2041 celocihus
1293 1987 1334 2036 a
1396 1964 1675 2035 boreali
1728 1963 2060 2057 Oxueyae
2114 1965 2343 2037 latere

327 2072 396 2139 in
427 2068 971 2164 Sandafiordum
1006 2068 1095 2139 ad
1128 2066 1292 2139 litus
1335 2064 1944 2159 septemtrionale,
1998 2087 2141 2160 quo
2175 2066 2345 2138 loco

327 2168 764 2244 Heslivikoe²
795 2171 1145 2256 dicuntur,
1199 2187 1486 2239 cursum
1519 2175 2050 2253 converterunt,
2104 2186 2341 2260 eoque

328 2271 648 2363 appulsis
713 2271 1012 2342 navibus
1078 2273 1148 2338 iu
1210 2277 1471 2339 terram
1538 2275 2028 2337 excurrerunt.
2132 2264 2343 2357 Quos

329 2369 627 2441 navibus
696 2372 993 2441 adortus
1059 2389 1191 2438 rex
1261 2366 1614 2453 Sverrer,
1697 2387 2021 2457 maguum
2089 2386 2184 2434 ex
2250 2369 2344 2436 iis

329 2490 697 2541 numerum
751 2468 1146 2553 interfecit,
1217 2465 1519 2537 navibus
1573 2466 2043 2557 omnibusque
2096 2464 2345 2550 rebuS,

330 2591 493 2662 quae
543 2572 615 2638 iu
670 2573 778 2642 eis
830 2583 1052 2653 eraut,
1105 2571 1372 2661 potitus
1426 2576 1579 2652 est,
1630 2565 1905 2657 Baglos
1959 2567 2030 2634 iu
2081 2574 2343 2636 terram

329 2669 589 2762 sugere
642 2672 904 2764 coegit.
1004 2668 1169 2739 Rex
1219 2665 1724 2759 Tunsbergum
1795 2684 2181 2752 reversuri,
2249 2665 2346 2737 ihi

328 2769 755 2866 aliquantum
812 2773 1156 2862 temporis
1205 2777 1682 2839 commoratus
1735 2776 1867 2837 est.

940 2870 1064 2942 De
1111 2890 1289 2964 reqe
1339 2865 1717 2939 Sverrere.

534 2970 702 3042 170.
801 2969 988 3043 Post
1050 2969 1406 3064 aliquanto
1471 2990 1756 3040 cursum
1810 2990 1952 3061 quo
2005 2966 2346 3038 tendehat
2440 2969 2453 2982 ‘

327 3071 622 3142 boream
672 3093 937 3142 versus
990 3071 1349 3161 dirigens,
1418 3091 1574 3139 cum
1636 3072 1707 3136 iu
1758 3067 2163 3159 Portyriam
2215 3089 2341 3139 ve-

328 3174 595 3256 nisset,
677 3190 1038 3241 converso
1092 3190 1339 3253 cursu,
1403 3190 1561 3238 cum
1632 3168 1903 3261 aliquot
1967 3165 2343 3238 celocibus

331 3268 759 3364 levibusque
831 3271 1133 3360 navigiis
1200 3271 1453 3338 iterum
1520 3267 1773 3338 Vikam
1842 3269 2165 3353 intravit,
2247 3287 2341 3338 eo

331 3369 676 3456 consilio,
746 3380 824 3441 ut
870 3367 1260 3462 Baglorum
1326 3378 1500 3463 quot
1560 3375 1815 3461 posset
1862 3369 2342 3461 interciperet.

330 3468 577 3564 ltaque
631 3491 852 3542 cursu
903 3479 1118 3541 noctu
1171 3469 1621 3563 interdiuque
1676 3470 2121 3553 continuato,
2170 3489 2343 3562 spe-

329 3589 519 3658 rans,
567 3568 867 3663 BagloS,
920 3569 1345 3665 simulatque
1394 3591 1482 3642 se
1512 3569 1696 3640 Vika
1749 3570 2167 3640 excessisse
2212 3591 2341 3663 pu-

329 3679 643 3758 tassent,
713 3674 1027 3765 emporia
1089 3674 1474 3763 petituros,
1542 3674 1767 3763 primo
1836 3667 2338 3762 Tunsbergum

329 3772 699 3864 profectus
753 3779 904 3856 est,
958 3770 1071 3840 uhi
1125 3781 1401 3862 septem
1458 3792 1552 3841 ex
1601 3768 1854 3863 Baglis
1906 3770 2336 3840 ceciderunt.

328 3870 504 3942 lude
555 3871 855 3943 Osloam
911 3871 1228 3955 delatuS,
1281 3868 1549 3963 aliquot
1599 3870 1906 3941 hostium
1960 3869 2338 3954 interfecit,

332 3995 473 4065 quo
524 3973 714 4044 facto
766 3972 851 4042 ad
910 3970 1215 4041 classem
1270 3989 1649 4056 reversuS,
1701 3993 1879 4042 suos
1932 3991 2091 4041 eum
2142 3971 2339 4039 navi-

403 4109 447 4175 ¹)
485 4113 599 4183 lego
644 4108 1114 4179 Tunururkogum,·
1164 4107 1394 4183 Tium‘ae,
1443 4106 1520 4171 A3
1572 4108 1827 4176 Thimea,
1869 4106 1949 4169 B,·
1997 4106 2220 4171 'Tm-ime,
2279 4102 2338 4160 F.

328 4202 377 4269 ²)
412 4203 717 4270 Remmia,
762 4202 824 4258 B.
2002 4219 2009 4226 '
