2950 4709
562 336 732 425 104
991 363 1359 416 msa-cmx
1412 363 1643 416 neers
1692 361 2129 417 emanante.
2245 364 2319 429 c,
2350 357 2572 430 59-60.

421 579 428 584 ·
561 546 757 620 volo.
853 548 969 623 Ex
1014 546 1152 620 bac
1192 546 1655 644 jurisjurandi
1690 545 1990 621 formula
2022 547 2291 621 ferrum
2329 553 2572 639 gesta-

560 650 681 735 vit,
730 648 1315 744 probationisque
1366 652 1748 727 tentamine
1816 649 2128 720 feliciter
2195 648 2575 719 defunctus

563 758 697 820 est.
803 748 970 840 Quo
1040 750 1231 821 facto
1297 770 1431 820 rex
1483 749 1836 836 Sverrer,
1911 752 2147 842 agnita
2214 767 2373 843 quae
2436 745 2575 818 sibi

563 869 722 920 cum
792 869 886 921 eo
954 850 1441 921 intercederet
1519 849 2097 936 necessitudine,
2184 850 2574 942 principem

563 950 749 1021 inter
800 947 1078 1021 aulicos
1115 943 1509 1023 'constituit
1593 947 1888 1021 Eirikus
1944 958 2097 1020 erat
2145 952 2258 1021 vir
2308 950 2574 1040 gratio-

562 1069 691 1122 sus
721 1054 1167 1145 omniumque
1203 1051 1801 1136 modestissimuS,
1851 1070 2173 1143 suosque
2217 1047 2574 1129 satellites

563 1146 848 1238 lautiuS,
899 1171 1104 1246 quam
1154 1150 1484 1244 plerique
1537 1152 1787 1236 ceteri,
1837 1148 2162 1221 habebat.

613 1248 854 1323 Pacis
923 1247 1379 1322 conditiones
1447 1250 1727 1347 Maqno
1794 1271 1845 1321 a
1910 1263 2088 1345 reqe
2158 1246 2526 1322 Sverrm

950 1349 1240 1432 oblatee,
1288 1368 1688 1448 reyumque
1737 1349 2189 1446 colloquium,

764 1450 882 1522 60.
983 1451 1148 1523 Rex
1225 1451 1581 1544 Magnus,
1659 1453 1887 1545 copiis
1966 1449 2253 1543 Bergas
2323 1446 2611 1534 ductiS,

561 1569 698 1622 ver
747 1550 846 1622 ihi
897 1554 1325 1640 consumsit3
1380 1570 1521 1646 quo
1564 1555 1707 1645 jam
1757 1551 2223 1644 procedente,
2274 1551 2431 1621 suis
2481 1547 2576 1617 ad

562 1652 1080 1746 prosectionem
1111 1655 1397 1747 paratiS,
1447 1651 1742 1723 boream
1781 1669 2044 1723 versus
2080 1654 2152 1720 in
2183 1645 2576 1743 emporium

562 1753 970 1846 prosectuS,
1053 1754 1438 1847 posteriori
1504 1751 1694 1823 festo
1780 1749 1992 1823 Olavi
2079 1769 2172 1823 eo
2234 1751 2576 1844 pervenit.

562 1850 850 1924 Interim
917 1871 1051 1923 rex
1119 1852 1433 1924 Sverrer
1499 1871 1585 1923 se
1652 1855 1726 1923 in
1790 1852 2055 1946 oppido
2124 1851 2576 1944 comparavit,

559 1971 891 2045 *magnum
916 1952 1209 2025 militum
1244 1967 1610 2024 numerum
1638 1967 1887 2023 secum
1919 1948 2230 2023 hahens:
2285 1953 2354 2020 ei
2391 1953 2578 2020 enim

565 2052 804 2123 coloni
836 2072 1129 2147 operam
1171 2069 1371 2125 suam
1406 2052 1704 2146 polliciti
1736 2061 1958 2138 erant,
2008 2069 2259 2144 magna
2288 2067 2575 2146 quoque

563 2156 636 2223 in
665 2154 929 2246 oppido
970 2164 1126 2225 erat
1160 2152 1517 2224 hominum
1568 2152 1988 2247 frequentia,
2042 2175 2225 2245 quae,
2273 2161 2355 2222 ut
2405 2169 2576 2221 con-

563 2253 869 2326 svetudo
917 2254 1101 2340 fert,
1165 2257 1238 2322 in
1291 2254 1624 2347 oppidum
1675 2252 2198 2346 symposiorum
2251 2251 2576 2345 tempore

564 2353 872 2425 confluit.
973 2353 1141 2425 Rex
1172 2347 1489 2447 Magnus
1524 2353 1642 2425 diu
1680 2357 1751 2424 in
1790 2356 2073 2425 ancoris
2125 2354 2216 2425 ad
2247 2350 2578 2424 Holmum

563 2456 785 2540 stetit,
839 2455 1028 2548 quod
1080 2457 1313 2526 minus
1366 2463 1587 2525 tutum
1630 2453 1995 2548 Judicabat
2060 2453 2397 2547 oppidum
2451 2473 2577 2545 ag·

566 2554 809 2646 gredi,
891 2566 1079 2627 tanta
1158 2553 1518 2627 hominum
1594 2554 2038 2626 multitudine
2118 2563 2578 2645 congregata,

541 2662 823 2750 ‘quanta
887 2673 1137 2746 regem
1188 2653 1617 2727 Sverrerem
1666 2657 1996 2746 stipatum
2049 2671 2219 2725 esse
2269 2654 2577 2724 animad-

561 2757 812 2843 vertit3
879 2773 1083 2847 quam
1145 2755 1238 2825 ob
1302 2769 1455 2825 rem
1510 2763 1939 2847 exspectare
1993 2756 2274 2841 statuit,
2343 2755 2578 2824 donee

567 2853 729 2924 dies
787 2849 1313 2946 symposiorum
1365 2858 1791 2926 transissent
1859 2854 2243 2948 colonique
2297 2855 2576 2925 disces-

563 2956 858 3025 sissent.
935 2952 1095 3025 Hoc
1136 2956 1479 3047 temporis
1515 2952 1892 3025 intervallo
1946 2973 2167 3045 reges
2218 2949 2582 3047 paulisper

565 3057 822 3149 quovis
873 3054 993 3124 die
1043 3056 1230 3126 inter
1277 3073 1364 3125 se
1417 3052 2049 3147 colloquebantur,
2117 3071 2299 3146 rege
2351 3053 2578 3126 Sver-

563 3171 733 3225 rere
789 3155 1083 3231 easdem
1149 3173 1236 3227 ac
1303 3163 1512 3228 antea
1576 3154 2028 3227 conditiones
2095 3159 2256 3247 regi
2305 3156 2577 3246 Magno

565 3254 957 3343 offerente,
1019 3266 1100 3328 ut
1148 3275 1447 3349 regnum
1498 3255 1942 3350 aequabiliter
1989 3258 2177 3326 inter
2226 3276 2311 3326 se
2366 3256 2578 3347 partio

563 3366 846 3440 rentur,
910 3375 1188 3450 rexque
1236 3357 1555 3447 Magnus
1610 3356 1926 3449 eligendi
1975 3364 2402 3448 potestatem
2454 3350 2607 3424 ha·‘

565 3453 809 3543 beret3
863 3457 1070 3546 cujus
1119 3454 1460 3549 colloquii
1504 3459 1570 3526 is
1617 3465 1772 3526 erat
1824 3457 2083 3541 exituS,
2135 3457 2213 3526 ut
2251 3473 2383 3525 rex
2417 3455 2577 3525 Ma-

563 3567 754 3644 gnus
804 3555 1252 3626 conditiones
1304 3573 1443 3625 nec
1495 3558 1898 3648 acciperet,
1975 3571 2111 3627 nec
2180 3564 2579 3648 respueret.

564 3649 751 3725 Post
798 3649 958 3724 haec
1008 3671 1145 3727 rex
1191 3652 1531 3742 Sverrer,
1583 3658 1931 3726 concione
1984 3658 2055 3725 in
2106 3658 2372 3750 oppido
2412 3654 2581 3726 tuba

563 3754 941 3841 advocata,
992 3754 1270 3827 colonis
1320 3754 1453 3827 has
1504 3756 1985 3843 conditiones,
2039 3775 2342 3851 quaeque
2393 3758 2581 3826 inter

563 3871 653 3925 se
705 3854 1047 3926 collocuti
1099 3865 1374 3944 essent,
1425 3860 1782 3951 exposuit.
1862 3855 2096 3949 Regis
2149 3859 2375 3928 oratio
2426 3875 2573 3925 ma-

566 3969 706 4045 gna
769 3955 1274 4027 acclamatione
1330 3968 1675 4052 excepta,
1743 3975 2139 4051 omnesque
2210 3978 2297 4027 se
2349 3955 2575 4027 vehe-

547 4047 847 4127 ‘menter
896 4056 1119 4128 laetari
1174 4057 1526 4144 dixerunt,
1560 4061 1642 4129 si
1692 4080 1834 4152 pax
1882 4060 2272 4129 convenire
2303 4064 2579 4151 posset.

567 4164 784 4251 atque
834 4173 1272 4254 magnopere
1314 4156 1799 4249 hortabantur,
1846 4166 1927 4231 ut
1974 4177 2127 4229 rem
2178 4160 2432 4231 iteruin
2482 4156 2580 4230 ad
2692 4199 2697 4204 -
