2950 4709
365 362 438 427 c.
473 360 730 427 132-33.
813 367 1178 416 msa-omn
1232 362 1456 415 nnsis
1514 365 1951 416 suzannam.
2197 339 2376 429 219

362 570 460 621 ex
527 552 798 644 pariete
867 549 1048 623 aedis
1097 549 1357 623 Mariae
1413 552 1485 619 in
1532 547 1947 642 Hosndeya·
1989 557 2374 633 extractam

358 671 608 721 seeum
662 649 1125 721 abstulerunt.

332 811 338 816 .
410 748 587 821 Rex
638 747 960 822 Sverrer
1010 752 1265 845 copias
1312 759 1573 820 evocat
1587 801 1615 830 ,
1690 749 1795 820 ad
1838 748 2108 821 milites
2158 767 2323 822 con-

1187 852 1543 920 donatur.
2424 916 2436 926 ,

560 948 727 1020 133.
841 947 1253 1042 Insequenti
1316 970 1495 1021 vere
1578 950 1984 1041 episeopus·
2025 948 2374 1022 Nicolaus

360 1060 436 1123 et
453 1049 813 1143 Sigurdus
847 1048 1173 1140 dynastae
1209 1048 1396 1118 filius
1423 1051 1495 1117 in
1519 1048 2018 1119 Heidmarkam
2043 1048 2374 1142 profecti,

357 1170 632 1222 manum
665 1149 955 1221 boream
996 1169 1256 1219 versus
1287 1169 1419 1241 per
1451 1158 1759 1227 montem
1802 1151 2164 1220 miserunt.
2227 1146 2376 1239 Qui

357 1273 519 1322 cum
570 1252 640 1319 in
689 1253 917 1320 sinum
954 1246 1274 1319 Aldiuml
1333 1249 1618 1334 dietum,
1671 1251 1850 1319 intra
1898 1247 2372 1340 Rugsundum

353 1353 606 1435 situm,
679 1350 1181 1433 devenissent,
1249 1346 1649 1426 Thorerem
1696 1348 1992 1419 Darium
2040 1358 2116 1418 et
2158 1348 2371 1418 Eina-

352 1470 509 1520 rem
563 1447 875 1540 Lygram
929 1446 1318 1539 praefectos
1361 1451 1561 1537 regis
1592 1446 2006 1532 Sverreris,
2069 1468 2374 1518 unacum
2480 1460 2492 1469 ·

357 1546 659 1618 cohorte
714 1546 984 1639 aliqua,
1051 1566 1142 1616 eo
1197 1544 1363 1619 loeo
1415 1545 1971 1630 interfecerunt,
2037 1544 2370 1617 Thorere

353 1645 603 1718 Krako
657 1668 742 1717 ae
791 1643 1222 1737 Thorgilse,
1296 1648 1498 1736 regis
1550 1644 1932 1715 Sverreris
1982 1645 2370 1737 praesectis,

356 1747 447 1816 ad
503 1768 663 1818 eum
715 1744 1243 1836 effugientibus
1345 1742 1559 1836 Bagli
1608 1747 1679 1814 in
1713 1742 2043 1836 Uplanda
2087 1746 2372 1816 reversi

356 1854 542 1916 sunt.
660 1845 933 1917 Eadem
1002 1845 1239 1914 bieme
1320 1852 1488 1937 post
1550 1843 1810 1914 festum
1873 1842 2164 1935 jolense
2232 1864 2372 1913 rex

355 1942 693 2031 Sverrer,
747 1942 1050 2016 coneilio
1103 1966 1272 2014 eum·
1315 1942 1595 2015 colonis
1648 1942 1911 2030 habito,
1962 1943 2221 2016 milites
2275 1964 2371 2014 ex

354 2049 703 2115 communi
742 2043 1258 2130 Thrandorum,
1291 2042 1619 2137 Halogia,
1668 2053 1968 2137 utraque
2002 2044 2371 2127 Maeriaet

351 2142 747 2216 Romsdalo
779 2147 1131 2230 evocavit,
1184 2164 1583 2237 omnesque
1619 2144 1865 2236 copias
1917 2147 2144 2236 primo
2184 2163 2367 2215 vere

354 2245 443 2313 ad
478 2265 562 2314 se
601 2246 990 2314 convenire
1012 2246 1243 2334 Jussit.
1329 2241 1556 2314 Festo
1588 2242 1924 2313 Halvardi
1957 2265 2115 2314 eum
2146 2246 2367 2313 omni-

353 2342 491 2411 bus
542 2345 771 2434 copiis
835 2339 1122 2433 Bel-gas
1192 2351 1658 2435 pervenerat,
1728 2341 2019 2413 militum
2088 2342 2364 2413 habens

351 2446 487 2513 tria
536 2440 755 2510 millia
803 2450 1230 2526 sexcentos,
1309 2461 1508 2534 quos.
1563 2461 1814 2511 omnes
1880 2440 2181 2512 navibus
2240 2445 2365 2512 im-

352 2550 715 2635 posuerat.
826 2539 1000 2609 Rex
1056 2540 1174 2609 diu
1228 2560 1362 2632 per
1411 2549 1734 2610 aestatem
1788 2540 1878 2620 ad
1932 2539 2190 2611 festum
2242 2562 2365 2613 us-

353 2661 494 2733 que
565 2642 997 2731 Margaretae
1065 2637 1333 2730 Bel-gis
1400 2659 1512 2710 se*
1574 2639 2019 2726 continebat,
2100 2640 2363 2713 milites

353 2748 736 2824 evocatos,
801 2760 985 2832 quos
1040 2761 1149 2809 ex
1214 2742 1573 2810 universis
1627 2741 2009 2830 provinciis
2059 2762 2102 2810 a
2152 2745 2363 2812 meri-

353 2839 558 2909 diana
588 2836 787 2909 Stadi
820 2847 1019 2931 parte
1063 2841 1216 2909 sitis
1255 2841 1647 2923 exciverat,
1694 2842 2098 2931 opperiens.
2186 2839 2362 2930 Qui-

349 2936 488 3010 bus
571 2938 661 3008 ad
748 2960 909 3009 eum
996 2939 1560 3024 confluentibuS,
1642 2948 2010 3033 antequam
2093 2937 2361 3031 Bergis

349 3037 696 3123 solveret,
749 3058 1087 3109 numerus
1140 3036 1429 3106 militum
1485 3036 1795 3130 [septies
1847 3037 2041 3108 mille
2097 3039 2363 3110 dueen-

351 3134 624 3206 torum²
670 3139 1073 3206 recensitus
1127 3145 1257 3205 est.
1343 3134 1596 3206 Totam
1638 3135 1943 3210 classem
1992 3138 2361 3207 meridiem

350 3255 616 3305 versus
666 3238 740 3304 in
792 3235 1045 3305 fretum
1095 3234 1625 3324 Graeningense
1675 3234 1896 3317 duxit,
1950 3235 2363 3319 mirantibus

348 3337 544 3420 suiS,
613 3356 742 3406 cur
791 3357 832 3406 a
885 3329 1103 3405 solito
1171 3354 1389 3403 eursu
1450 3333 1909 3420 deflexisset3
1975 3332 2101 3403 ille
2156 3355 2360 3420 vero,

350 3433 519 3524 quid
574 3455 660 3502 ea
713 3435 804 3504 de
856 3454 937 3503 re
1008 3434 1506 3527 loquerentur,
1574 3453 1716 3502 non
1771 3435 2057 3504 curavit.
2171 3432 2358 3520 Rex,

349 3534 698 3600 concione
763 3531 1176 3603 colonorum
1245 3531 1515 3618 habita,
1598 3531 1816 3603 multa
1884 3553 2120 3605 eoram
2205 3535 2360 3604 suis

348 3628 635 3700 loeutus
687 3640 838 3715 est,
892 3635 1210 3724 utrisque
1264 3631 1757 3716 audientibuS,
1830 3640 1904 3702 et
1954 3632 2230 3703 colonis
2284 3643 2358 3704 et

345 3727 698 3799 militibus.
797 3729 1129 3821 Magnam
1186 3750 1471 3822 qnoque
1543 3739 2002 3801 evocatorum
2051 3732 2356 3802 multitu-

348 3828 583 3897 dinem
636 3827 980 3913 babebat,
1051 3851 1210 3922 quae
1274 3827 1515 3898 multis
1582 3832 1656 3898 in
1705 3828 1926 3900 rebus
1977 3851 2063 3901 se
2113 3830 2356 3902 turbu-

346 3926 541 3997 lente
597 3937 670 3998 et
719 3929 1181 3998 immoderate
1233 3925 1553 4017 gerebat.
1657 3924 1869 4018 Quos
1900 3932 1970 3997 in
2006 3929 2146 4000 hoc
2185 3950 2354 4000 eon-

343 4035 565 4095 ventu
617 4026 970 4098 allocutus
1024 4046 1190 4110 reX,
1259 4025 1447 4095 hune
1499 4028 1567 4096 in
1620 4028 1902 4097 modum
1971 4029 2195 4098 verba
2247 4028 2353 4098 se-

422 4152 466 4220 ¹)
501 4155 778 4225 flamiam,
821 4156 884 4211 Β.
976 4154 1051 4224 ,9)
1090 4158 1208 4227 plus
1247 4148 1604 4227 quatermille
1641 4156 2082 4227 octingentorum,
2122 4157 2173 4209 8.
2229 4161 2236 4168 ’
