2950 4709
617 366 786 460 194
1033 393 1400 446 msa-omn
1452 392 1680 443 nume
1731 391 2171 443 emanante.
2258 385 2628 457 &1154ss

616 581 1011 652 exstinctus
1075 586 1204 649 est.
1316 576 1439 649 De
1505 574 1760 671 quibus
1827 578 2105 649 eventis
2167 576 2381 651 multa
2449 588 2621 652 sunt

615 680 988 772 disputata,
1040 675 1281 748 multis
1310 676 1835 762 affirmantibus,
1887 696 2021 750 eos
2073 674 2263 749 baud
2315 678 2532 751 dubie
2573 702 2619 752 a

610 778 816 851 malis
865 776 1266 850 bominibus
1314 797 1596 850 veneno
1648 785 1962 849 necatos.
2063 775 2249 850 Post
2291 777 2451 850 baec
2480 800 2618 851 rex

609 877 925 951 Sverrer
973 879 1404 973 provinciam
1454 876 1543 947 ab
1594 876 1844 949 Eiriko
1892 876 2431 951 administratam
2477 878 2617 950 sibi

608 979 935 1072 subjecit,
987 980 1198 1071 eique
1247 975 1636 1070 praefectos
1682 979 2036 1071 imposuit.
2133 975 2478 1049 Proxime
2523 978 2612 1050 ab

608 1079 724 1151 bis
773 1078 935 1151 lvar
984 1077 1283 1152 Selkius
1337 1076 1526 1149 obiit.

1001 1177 1237 1250 Initia
1291 1176 1655 1248 Horleim’
1700 1172 2217 1271 Breidskeqqi.

810 1276 980 1350 116.
1079 1276 1352 1347 Eadem
1405 1286 1698 1362 aestate,
1766 1297 1903 1371 qua
1952 1276 2243 1348 Eirikus
2312 1275 2614 1369 dynasta

610 1379 911 1464 obierat,
961 1380 1033 1447 in
1059 1375 1340 1448 Markis
1392 1377 1483 1447 ad
1535 1379 1880 1448 orientem
1934 1375 2146 1447 factio
2191 1380 2443 1463 extitit,
2496 1379 2614 1448 cui

607 1478 891 1573 praefuit
937 1480 1072 1564 vir,
1128 1478 1360 1548 dictus
1387 1475 1824 1549 Thorleivus
1864 1473 2441 1569 BreidskegguS,
2494 1479 2615 1572 qni

607 1578 796 1652 filius
844 1580 1046 1671 regis
1095 1577 1465 1669 Eysteinis
1493 1577 1898 1654 Haraldidae
1949 1575 2166 1667 vulgo
2218 1576 2616 1670 putabatur,

609 1701 701 1751 eo
752 1687 1195 1771 argumento,
1247 1678 1437 1771 quod
1487 1680 1672 1747 inter
1722 1674 2056 1768 scapulas
2098 1677 2256 1767 ejus
2295 1679 2617 1764 cicatriX,

607 1801 768 1874 quae
831 1783 905 1848 in
966 1775 1260 1849 formam
1330 1780 1567 1849 crucis
1634 1779 1948 1862 coierat,
2022 1776 2614 1868 conspiciebatur.

604 1878 683 1949 ln
734 1878 987 1949 Vikam
1040 1877 1296 1963 delati,
1369 1886 1619 1970 pacate
1685 1879 1824 1948 iter
1886 1875 2278 1961 faciebant,
2346 1876 2611 1948 cibaria

602 1976 924 2070 aliasque
974 1997 1100 2047 res
1149 1980 1603 2047 necessarias
1656 1975 2095 2049 coemebant.
2172 1973 2616 2048 Thorleivus

600 2076 1155 2169 Breidskeggus
1189 2075 1575 2147 monachus
1611 2075 1862 2148 suerat.
1939 2075 2125 2167 Quae
2158 2074 2394 2162 factio,
2446 2097 2608 2148 cum

602 2198 849 2271 parum
899 2176 1156 2269 opibus
1205 2175 1518 2262 valeret,
1584 2180 1909 2269 pecuniae
1963 2178 2201 2269 inopia
2248 2175 2454 2247 brevi
2507 2176 2615 2247 la-·

599 2276 862 2348 borare
902 2279 1162 2369 coepit3
1214 2275 1566 2369 fuereque
1618 2275 1969 2362 nonnulli,
2019 2278 2166 2369 qui,
2215 2297 2372 2347 eum
2424 2298 2608 2368 prae-

605 2378 735 2450 das
785 2397 1008 2469 agere
1060 2381 1353 2449 vetitum
1411 2385 1652 2461 esset,
1719 2376 2141 2447 furarentur.
2256 2376 2470 2447 Multi
2519 2396 2608 2447 se

604 2499 701 2550 ex
767 2477 928 2548 aliis
1004 2478 1293 2550 audisse
1362 2476 1809 2562 dictitabant,
1878 2473 2338 2546 Thorleivum
2420 2477 2608 2548 adeo

600 2579 1021 2672 prudentem
1064 2598 1259 2664 esse,
1310 2585 1390 2649 ut
1437 2576 1633 2648 nulla
1684 2597 1808 2648 res
1867 2579 1937 2647 ei
1987 2577 2435 2669 necopinanti
2487 2598 2608 2647 ac-

600 2677 853 2749 cidere
901 2686 1190 2769 posset3
1259 2685 1397 2747 tam
1461 2676 1651 2748 bene
1713 2687 2099 2763 moratum,
2165 2686 2245 2748 ut
2293 2679 2450 2768 ejus
2500 2679 2608 2748 vi·

601 2775 819 2848 vendi
869 2780 1049 2847 ratio
1100 2775 1643 2862 monachorum,
1711 2798 1912 2871 quam
1963 2774 2346 2862 laicorum,
2415 2779 2611 2847 simi-

600 2874 740 2947 lior
793 2884 1032 2963 esset3
1082 2895 1213 2945 ore
1257 2883 1398 2946 tam
1435 2877 1709 2947 diserto
1741 2886 2019 2971 tamque
2054 2875 2610 2970 blandiloquum,

598 2987 678 3049 ut
726 2995 937 3045 nemo
989 2995 1392 3046 sermonem
1439 2978 1599 3069 eius
1630 2976 1930 3047 audiens
1966 2996 2408 3047 succensere
2436 2997 2606 3069 pos*

596 3085 750 3165 set3
804 3097 963 3169 quae
1014 3078 1245 3147 omnia
1293 3075 1475 3147 falsa
1528 3097 1849 3171 vanaque
1904 3097 2111 3162 esse,
2165 3079 2607 3169 experientia

595 3186 850 3271 postea
903 3176 1160 3248 docuit.
1277 3176 1533 3249 Hieme
1600 3179 1925 3270 proxime
1989 3179 2395 3270 insequenti
2443 3174 2604 3247 haec

595 3276 812 3349 factio
865 3279 939 3346 in
967 3276 1246 3348 Markis
1300 3298 1388 3348 se
1436 3276 1860 3349 continebat.
1962 3274 2310 3370 Sequenti
2350 3285 2604 3348 aestate

595 3376 834 3448 coloni
889 3396 1021 3446 eos
1055 3377 1390 3468 aggressi
1439 3386 1626 3462 sunt,
1679 3397 1821 3470 quo
1851 3374 2017 3447 loco
2049 3386 2267 3448 noctu
2316 3379 2387 3447 in
2415 3376 2602 3447 silva

593 3476 892 3569 quadam
929 3473 1468 3545 delitescebant.
1543 3474 1725 3547 Tum
1764 3478 2120 3568 cognitum
2157 3485 2293 3562 est,
2342 3473 2620 3547 Breid·

592 3574 947 3666 skeggum
1018 3593 1251 3666 neque
1315 3574 1627 3646 bostium
1683 3576 2072 3647 adventum
2122 3578 2602 3669 praenovisse,

591 3694 828 3768 neque
862 3672 1236 3767 quidquam
1265 3673 1483 3768 loqui,
1512 3696 1654 3767 quo
1685 3673 1897 3746 saluti
1929 3679 2086 3769 ejus
2115 3679 2365 3769 magis,
2395 3698 2603 3770 quam

593 3782 825 3860 antea,
875 3772 1392 3846 consuleretur.
1494 3774 1606 3846 Eo
1655 3778 1838 3847 enim
1879 3774 2045 3847 loco
2099 3798 2258 3847 cum
2303 3775 2603 3869 plurima

596 3877 923 3945 comitum
961 3883 1158 3966 parte
1201 3875 1623 3947 interfectus
1658 3885 1806 3962 est,
1856 3874 2220 3947 nonnullis
2245 3879 2315 3946 in
2346 3875 2620 3948 silvam*

594 3994 809 4044 cursu
875 3974 1394 4065 effugientibus.
1525 3974 1711 4048 Post
1773 3975 2047 4048 caedem
2113 3973 2605 4070 Breidskeggi

594 4076 930 4144 sanctitas
983 4076 1050 4143 ei
1101 4073 1284 4145 falso
1327 4075 1683 4169 adscripta
1718 4084 1866 4163 est3
1919 4078 2031 4170 cui
2063 4072 2390 4148 Blakkus
2423 4083 2599 4171 poe}-

595 4181 667 4244 ta
717 4183 961 4245 contra
1013 4173 1259 4245 dicens
1274 4224 1297 4260 ,
1354 4173 1496 4245 boc
1550 4195 1813 4246 versus
1865 4177 2300 4267 composuit:
