2950 4709
562 319 730 408 198
978 277 1344 395 urs-roma
1396 338 1623 392 nnete
1677 339 2115 392 smnnnms,
2201 335 2276 402 c,
2309 336 2575 405 11849,

566 550 659 601 eo
689 537 1012 624 tempore
1047 526 1137 599 ab
1176 546 1359 621 rege
1389 523 1751 600 Sverrere
1793 523 2250 613 educabatur,
2304 526 2573 622 diuque

564 629 799 701 suerat
849 650 1009 701 cum
1078 648 1170 699 eo
1222 636 1595 715 versatus,
1661 625 2060 697 liberaliter
2124 622 2440 715 habitus3
2508 630 2574 700 is

565 751 866 800 unacum
915 725 1223 800 Halkele
1278 736 1353 798 et
1401 725 1756 819 Ragnilda
1805 725 2019 818 hujus
2073 725 2353 798 consilii
2402 749 2573 799 eon-

566 831 766 901 scius
804 840 973 902 erat.
1052 826 1241 900 lnter
1290 829 1651 920 principes
1706 826 2032 921 ejusdem
2068 829 2577 919 conjurationis

570 938 726 1000 erat
776 927 1077 1016 OlavuS,
1128 927 1359 998 affinis
1407 925 1701 998 Haraldi
1754 927 2097 1018 dynastae.
2215 925 2579 1020 Sigurdus

567 1051 827 1100 nomen
881 1037 1035 1100 erat
1084 1026 1228 1098 filio
1280 1030 1483 1119 regis
1530 1027 1783 1119 Magni
1831 1024 2223 1117 Erlingidae
2295 1036 2369 1096 et
2420 1026 2578 1121 Gy-

567 1127 771 1215 ridae,
821 1127 984 1199 filiae
1034 1126 1289 1198 Aslaki
1331 1130 1651 1218 juvenis:
1722 1130 1786 1197 is
1837 1136 1983 1196 turn
2037 1128 2108 1195 in
2159 1125 2447 1197 tutelam
2505 1134 2584 1198 et

568 1230 1031 1321 patrocinium
1082 1225 1408 1297 Halkelis
1464 1234 1539 1296 et
1588 1224 1964 1319 Ragnild'ae
2016 1235 2358 1319 receptus
2406 1235 2579 1298 erat.

568 1328 745 1399 Eam
798 1325 1091 1398 consilii
1128 1327 1474 1397 rationem
1522 1328 1853 1412 inierunt,
1909 1334 1984 1396 ut
2023 1324 2410 1419 Sigurdum
2460 1348 2580 1397 re-

572 1430 684 1520 gis
734 1427 950 1497 filium
1004 1425 1238 1499 Olavo
1292 1426 1617 1518 dynastae
1668 1424 1859 1496 affini
1908 1426 2304 1515 tra'derent3
2367 1448 2582 1521 quem

570 1527 697 1599 ille
751 1548 998 1600 secum
1046 1525 1332 1619 Bergas
1383 1526 1698 1613 abduxit,
1751 1525 2147 1620 crebraque
2200 1537 2357 1597 cum
2397 1547 2582 1619 rege

570 1624 933 1699 Sverrere
986 1627 1382 1722 colloquia,
1446 1635 1526 1697 ut
1576 1630 1763 1697 omni
1814 1629 2222 1720 suspicione
2274 1637 2584 1714 careret,

573 1726 834 1801 habuit.
937 1728 1204 1822 Aliquo
1254 1748 1432 1800 vero
1485 1736 1843 1820 tempore,
1897 1748 2055 1797 cum
2106 1730 2313 1799 navis
2365 1725 2581 1799 Olavi

574 1839 816 1921 parata
868 1837 1094 1913 esset,
1146 1849 1279 1897 rex
1330 1825 1664 1913 Sverrer,
1715 1835 2085 1921 postquam
2138 1848 2297 1897 cum
2342 1826 2581 1899 Olavo

576 1927 982 1999 collocutus
1034 1925 1301 1997 fuerat:
1369 1935 1442 1996 te
1495 1926 1661 1997 mihi
1712 1947 1898 1999 nunc
1951 1936 2293 2020 praestare
2345 1927 2582 2013 fidem,

577 2025 835 2114 Olave,
887 2034 1191 2121 oportet.
1290 2024 1462 2098 Ille:
1519 2030 1639 2120 qui
1691 2028 1785 2096 ita
1833 2026 2192 2121 loqueris,
2246 2027 2581 2099 domine?

573 2126 762 2212 Rex,
815 2125 1153 2212 cultrum,
1208 2147 1416 2218 quem
1481 2148 1686 2196 manu
1749 2126 1938 2197 forte
2006 2127 2329 2215 tenebat,
2396 2149 2581 2222 prae-

575 2228 918 2299 tendens:
973 2228 1164 2318 genii
1211 2229 1648 2296 inimicorum
1688 2236 2115 2313 nostrorum,
2168 2231 2413 2321 inquit,
2463 2227 2582 2299 hic

576 2349 762 2399 nune
826 2348 1054 2421 prope
1123 2330 1754 2418 circumvagantur.
1869 2324 2204 2414 Olavus,
2251 2327 2583 2400 cubiculo

579 2431 1008 2528 egredienti,
1093 2447 1322 2521 puero
1392 2419 1591 2519 regis
1657 2425 1803 2496 filio
1882 2424 2071 2497 sorte
2142 2430 2582 2499 accurrenti:

568 2531 712 2621 Jam
772 2550 996 2621 prope
1049 2550 1090 2598 a
1141 2526 1463 2620 periculo
1518 2527 1906 2612 abfuimuS,
1958 2525 2282 2615 alumne,
2343 2531 2587 2623 inquit.

577 2628 938 2700 Autumno
991 2630 1315 2719 proxime
1364 2623 1770 2721 ‘insequenti
1808 2622 2086 2698 Olavus
2139 2626 2587 2699 occidentem

577 2748 843 2798 versus
892 2730 965 2794 in
1014 2724 1549 2819 Hjaltlandiam,
1614 2727 1735 2797 ubi
1790 2730 2121 2818 ingentes
2172 2731 2587 2820 possessio-

577 2848 713 2896 nes
746 2824 1074 2911 habehat,
1122 2825 1611 2918 proficiscens,
1665 2848 1961 2919 puerum
1996 2847 2244 2897 secum
2278 2827 2589 2899 abduxit.
2683 2847 2690 2852 ·

577 2923 757 2996 Tum
791 2935 954 2996 octo
973 2922 1251 2995 hiemes
1273 2923 1360 2996 ab
1381 2925 1575 2996 obitu
1592 2926 1843 3017 Magni
1861 2928 2060 3017 regis
2082 2926 2348 3023 elapsae
2369 2929 2589 2999 erant.

1106 3025 1230 3098 De
1288 3022 1526 3098 Olavo
1577 3035 1651 3096 et
1702 3022 2049 3122 Sifflaerda

704 3167 709 3172 -
784 3123 951 3197 119.
1050 3124 1390 3198 Proxime
1460 3129 1866 3222 insequenti
1934 3147 2114 3210 vere
2169 3124 2447 3197 Olavus
2514 3135 2589 3197 et

579 3224 937 3319 Sigurdus
989 3228 1356 3299 meridiem
1407 3248 1672 3300 versus
1709 3230 1777 3297 in
1826 3224 2158 3297 Orcades
2204 3226 2295 3298 ad
2336 3224 2587 3297 Haral-

581 3327 747 3398 dum
801 3327 1168 3420 dynastam
1221 3325 1559 3421 profecti,
1638 3336 1713 3397 et
1764 3326 1853 3397 ab
1909 3347 1999 3399 eo
2051 3325 2240 3397 bene
2297 3329 2586 3420 excepti

579 3436 763 3497 sunt.
890 3427 1169 3497 Eodem
1236 3447 1415 3497 vere
1480 3425 1739 3496 Halkel
1804 3425 2017 3498 Jonis
2087 3426 2277 3498 filius
2346 3427 2588 3520 profe-

581 3528 887 3594 ctionem
941 3528 1233 3620 paravit,
1285 3546 1516 3619 seque
1570 3528 2013 3599 occidentem
2087 3548 2353 3599 versus
2403 3528 2586 3621 pira-

579 3626 744 3695 ticae
774 3623 1123 3696 faciendae
1155 3646 1369 3696 causa
1396 3645 1859 3697 excursuram
1889 3626 2278 3717 simulavit3
2332 3648 2589 3700 navem

581 3722 865 3815 longam
915 3724 1161 3796 habuit
1208 3726 1396 3796 hene
1446 3727 1877 3815 instructam,
1947 3749 2087 3823 qua
2139 3729 2589 3800 occidentem

580 3843 842 3895 versus
892 3827 966 3896 in
1017 3824 1348 3897 Orcades
1398 3828 1771 3918 navigavit.
1887 3825 1989 3899 Ut
2039 3849 2219 3900 vero
2263 3825 2589 3904 ,Olavum

584 3923 907 4015 dynastae
973 3926 1250 3997 affinem
1319 3939 1791 4015 convenerat,
1874 3926 2191 3999 Haraldo
2265 3929 2592 4021 dynastae

582 4024 1101 4113 significarunt,
1150 4027 1535 4099 advenisse
1608 4048 1698 4098 eo
1768 4032 1966 4119 regis
2028 4028 2276 4121 Magni
2345 4027 2590 4113 lilium,

582 4134 892 4212 oranteS,
947 4135 1025 4198 ut
1076 4130 1142 4198 ei
1195 4127 1482 4221 aliquod
1531 4128 1862 4199 auxilium
1916 4128 2157 4199 ser1·et.'
2262 4126 2591 4219 Dynasta
