2950 4709
580 334 698 422 38
1015 357 1381 412 lus-roma
1437 356 1660 403 nnms
1695 356 2153 429 avnnnnms.
2380 360 2454 423 c,
2478 358 2581 424 20,

1484 463 1506 495 Ι

585 544 829 629 deam,
900 540 1208 612 libenter
1274 541 1591 613 facturos
1657 540 1998 635 polliceri.
2142 542 2302 615 Nos
2369 547 2583 636 igitur

581 645 898 718 universi
950 645 1182 716 sacris
1234 642 1580 735 precibus
1602 641 1745 712 Dei
1796 642 2172 736 beataeque
2199 644 2457 715 Mariae
2510 655 2583 715 et

579 744 780 835 regis
849 741 1060 814 Olavi
1130 745 1362 816 ,sancti
1431 762 1639 833 opem
1704 742 2181 835 imploremus.
2299 745 2405 817 Ea
2470 749 2580 817 vis

581 846 804 935 regiae
859 845 1198 919 orationis
1250 842 1400 928 suit,
1451 850 1530 912 ut
1582 842 1954 913 confestim
2010 864 2259 917 omnes
2306 846 2581 916 dextris

569 947 835 1037 junctis
926 943 1390 1035 secundoque
1461 963 1812 1019 armorum
1881 943 2163 1018 fremitu
2231 956 2467 1020 votum
2537 968 2581 1015 a

577 1065 759 1135 rege
815 1054 1275 1137 nuncupatum
1317 1045 1695 1113 sancirent.
1798 1042 2158 1136 Ceterum,
2209 1065 2390 1135 rege
2419 1067 2577 1115 ora-

576 1148 840 1214 tionem
895 1137 1248 1228 ordiente,
1306 1143 1491 1216 adeo
1544 1142 1937 1220 vehemens
1992 1152 2145 1219 erat
2194 1156 2576 1238 tempesta·
2685 1221 2692 1226 ,

577 1246 669 1314 tis
721 1248 856 1330 viS,
909 1254 985 1314 ut
1036 1246 1624 1315 circumstantium
1678 1245 1978 1336 proximi
2011 1243 2228 1319 verba
2262 1248 2417 1336 ejus
2454 1248 2577 1320 vix

577 1345 827 1415 audire
897 1354 1229 1438 possent3
1312 1343 1521 1413 simul
1606 1364 1784 1415 vero
1853 1353 2065 1437 atque
2133 1349 2283 1416 voti
2364 1345 2574 1437 leges

479 1510 495 1525 ,
579 1446 940 1530 edixerat,
1006 1443 1217 1515 Deus
1285 1455 1420 1515 tam
1492 1442 1808 1515 celerem
1874 1454 2157 1537 tamque
2211 1446 2573 1517 excelsam

575 1544 1079 1637 benignitatem
1148 1547 1233 1615 iis
1304 1542 1661 1629 exhibuit,
1745 1553 1860 1629 ut,
1936 1567 2071 1639 qua
2137 1545 2299 1616 coeli
2368 1546 2574 1639 plaga

575 1654 834 1717 ventus
901 1648 1244 1738 spiraret,
1314 1646 1775 1722 animadverti
1826 1667 1968 1715 non
2022 1657 2306 1739 posset3
2377 1668 2573 1717 mox-

576 1766 717 1841 que
769 1756 957 1818 tanta
1005 1750 1357 1817 serenitas
1409 1745 1593 1832 omli,
1644 1748 1708 1816 is
1757 1744 2102 1840 splendor
2152 1746 2357 1833 solis,
2415 1769 2572 1819 aer-

576 1868 715 1941 que
744 1848 928 1919 adeo
981 1850 1167 1919 mitis
1221 1849 1513 1932 exstitit,
1564 1857 1643 1917 ut
1691 1845 1990 1919 mediam
2026 1855 2347 1917 aestatem
2400 1857 2575 1919 e'sse
2672 1865 2684 1874 ‘

571 1955 881 2041 putares.
983 1944 1161 2016 Tum
1217 1948 1520 2033 demum,
1575 1946 1828 2040 quibus
1879 1944 2062 2017 locis
2092 1958 2574 2033 versarentur,-

573 2057 1037 2138 agnoverunt,
1089 2051 1368 2140 iterque
1421 2057 1665 2118 contra
1718 2069 1920 2139 quam
1974 2047 2369 2118 debuerant
2396 2069 2572 2119 sese

503 2179 508 2184 ·
575 2147 851 2218 fecisse
931 2148 1602 2234 animadverterunt3
1687 2149 1961 2217 interim
2050 2145 2311 2220 milites
2389 2152 2571 2240 regii

573 2248 759 2317 adeo
815 2257 1013 2320 erant
1067 2248 1337 2319 viribus
1392 2249 1689 2332 deserti,
1763 2257 1841 2318 ut
1889 2245 2185 2340 vigintil
2243 2247 2571 2320 homines

569 2347 775 2419 brevi
860 2351 1202 2442 temporis
1286 2351 1519 2441 spatio
1589 2352 1954 2420 exanimes
2024 2346 2570 2421 collaberentur.

574 2448 814 2542 ltaque
899 2452 1097 2520 vires
1179 2450 1412 2521 denuo
1492 2459 1786 2520 strenue
1853 2451 2345 2534 intendentes,
2433 2454 2571 2524 etsi

567 2551 837 2622 tardius
889 2549 1387 2642 proficiebant,
1447 2549 1745 2643 mapalia
1795 2550 2113 2643 quaedam
2166 2560 2570 2636 tenuerunt,

568 2650 688 2719 ubi
719 2649 908 2720 humi
959 2654 1291 2742 prostrati
1346 2654 1871 2744 requieverunt.
1969 2649 2153 2723 Post
2203 2648 2358 2720 haec
2409 2673 2567 2726 cum

569 2752 844 2841 ignem,
913 2770 1055 2842 qno
1124 2771 1595 2843 magnopere,
1677 2752 1743 2821 si
1808 2747 1963 2820 fieri
2030 2759 2317 2843 posset,
2386 2772 2569 2846 opus

570 2858 759 2935 erat,
847 2853 1160 2919 excitare
1241 2861 1668 2921 conarentur
1735 2849 1928 2941 (erat
1989 2852 2276 2923 circiter
2338 2852 2570 2929 media

567 2951 784 3043 nox),
852 2970 1114 3021 ,omnes
1189 2950 1395 3022 adeo.
1443 2961 1643 3022 erant
1713 2950 1981 3024 viribus
2052 2949 2414 3039 exhausti,
2491 2963 2571 3024 ut

569 3072 729 3121 eum
797 3053 1114 3122 excitare
1183 3050 1460 3132 valeret
1526 3073 1755 3122 nemo.
1858 3048 2008 3120 Sed
2080 3051 2232 3139 hie,
2300 3062 2378 3124 ut
2426 3075 2602 3131 sae·,

565 3154 768 3245 pius,
824 3150 987 3222 Deo
1044 3151 1353 3244 benigue
1409 3153 1829 3243 adjuvante,
1899 3153 1970 3221 in
2023 3175 2162 3223 uno
2214 3151 2567 3244 refugium

570 3263 758 3340 erat3
811 3275 990 3338 nam,
1043 3276 1199 3324 cum
1256 3257 1558 3325 omnium
1612 3253 1807 3334 salus
1863 3256 1932 3324 in
1963 3253 2364 3323 discrimine
2401 3274 2565 3325 ver-

568 3362 876 3438 saretur,
932 3357 1062 3423 nisi
1118 3357 1470 3424 excitatus
1523 3357 1705 3444 ignis
1761 3363 1984 3439 esset,
2036 3349 2144 3438 is,
2176 3356 2294 3447 qui
2346 3357 2564 3425 maxi-

565 3474 677 3523 ma
759 3456 944 3522 inter
1010 3474 1142 3523 eos
1230 3451 1567 3522 felicitate
1644 3452 2030 3545 gaudebat,
2117 3457 2574 3549 omniumque

564 3551 1019 3624 consiliorum
1074 3554 1408 3645 princeps
1460 3553 1611 3638 suit,
1665 3555 1978 3626 excitare
2030 3556 2264 3645 ignem
2302 3557 2566 3648 potuit:

564 3651 679 3725 hio
732 3661 887 3722 erat
937 3673 1070 3721 rex
1123 3650 1474 3739 Sverrer,
1544 3656 1703 3747 qui,
1770 3655 1912 3745 igni
1964 3653 2170 3726 silice
2226 3675 2567 3739 excusso,

565 3751 949 3826 sebaceum
1014 3753 1376 3840 accendit,
1453 3756 1748 3847 suisque
1808 3754 2126 3849 tradidit3
2205 3756 2395 3827 unde
2465 3754 2568 3825 illi

564 3856 830 3946 ingenti
884 3874 1195 3924 accenso
1248 3856 1456 3946 igne,
1510 3876 1682 3926 sese
1734 3856 2201 3927 siccaverunt.
2306 3854 2417 3925 Ab
2473 3875 2565 3925 eo

565 3952 730 4023 loco
794 3953 983 4048 haud
1052 3952 1270 4047 longe
1324 3977 1481 4025 cum
1537 3959 1796 4047 exigua
1847 3956 2168 4049 quaedam
2221 3955 2386 4027 villa
2440 3954 2564 4027 ab„

568 4061 807 4137 esset,
877 4074 1012 4124 rex
1065 4054 1150 4123 ad
1209 4074 1407 4141 eum,
1480 4059 1595 4149 qui
1650 4055 1743 4125 ibi
1795 4055 2178 4140 habitabat,
2232 4054 2565 4133 colonum

581 4149 2546 4174 Ἢ

638 4180 681 4246 ¹>
720 4184 940 4264 trigiam,
982 4183 1044 4243 B.
