2950 4709
320 341 395 404 c,
429 339 571 403 84),
760 339 1128 392 urs-roam
1181 340 1409 391 nucis
1459 335 1897 393 ermannus.
2223 313 2332 405 15

320 525 530 609 duci,
583 521 976 617 objiciatis,
1026 527 1362 616 ignorare
1410 542 1582 612 voe,
1649 521 1909 620 quibus
1960 534 2163 599 ortus
2211 529 2330 616 sit,
2463 543 2472 547 “

320 628 440 695 cui
489 624 722 695 studia
775 633 1019 697 vestra
1085 620 1585 719 applicueritis.
1708 617 1892 716 Quae
1944 635 2108 712 r‘eS,
2172 621 2327 699 ubi-

322 745 604 816 cunque
658 721 1090 796 adversariis
1122 726 1385 796 vestris
1419 728 1905 812 occurreritiS‚
1956 725 2170 798 vohis
2200 749 2326 821 op-

320 823 615 916 probrio
684 827 836 899 erit.
964 826 1218 897 Genus
1283 821 1592 896 filiorum
1657 816 1989 917 Birgeris
2053 847 2328 915 omnes,

319 945 557 993 meum
610 942 820 994 nemo
871 928 1086 996 novit.

371 1016 793 1094 Birlcibeini
856 1024 1251 1121 dynastam
1299 1015 1687 1118 Birqerem
1736 1015 2058 1098 Brosam
2113 1049 2278 1099 con-2

1169 1126 1489 1194 veniunt.
1717 1151 1722 1155 ·

524 1219 592 1293 9.
662 1213 909 1316 Itaque
963 1222 1032 1293 hi
1062 1215 1439 1315 Birgerem
1465 1220 1767 1304 Brosam
1811 1241 2035 1319 super
2068 1219 2326 1297 eodem

321 1324 616 1412 negotio
650 1333 1155 1393 convenerunt.
1236 1322 1379 1413 Qui
1409 1321 1867 1395 calamitatem
1905 1343 2151 1396 eorum
2183 1345 2327 1397 ma-

323 1443 647 1514 gnopere
703 1421 960 1492 dolens
1010 1425 1106 1492 ita
1156 1420 1439 1494 locutus
1489 1432 1642 1493 est:
1694 1426 1859 1507 mei,
1909 1427 2154 1518 inquit,
2203 1426 2329 1499 filii

321 1519 582 1616 puerili
613 1530 822 1593 aetate
851 1532 1037 1607 sunt,
1094 1539 1230 1592 nec
1261 1520 1545 1593 sibimet
1587 1525 1745 1615 ipsi,
1801 1542 1937 1595 nec
1964 1523 2122 1596 aliis
2158 1545 2329 1596 con-

323 1620 573 1693 sulere
658 1634 977 1714 possunt.
1098 1619 1243 1711 Qui
1325 1624 1700 1713 quominus
1774 1631 1968 1693 tanto
2036 1628 2330 1715 negotio

321 1743 540 1815 pares
599 1723 772 1806 sint,
859 1730 1036 1792 aetas
1104 1713 1398 1813 puerilis
1462 1723 1764 1791 maxime
1836 1721 2070 1793 obstat
2086 1748 2105 1810 3
2232 1746 2330 1795 uo

323 1823 625 1907 accedit,
678 1831 821 1891 tum
872 1822 1065 1915 quod
1116 1824 1187 1889 in
1236 1828 1487 1891 vestro
1528 1830 1718 1893 coetu
1758 1824 2086 1914 exiguam
2110 1826 2183 1896 ‘vi
2235 1843 2328 1897 eo

323 1925 598 2015 copiam
654 1939 926 2005 eorum,
977 1923 1095 2014 qui
1144 1918 1306 1990 filiis
1356 1922 1539 1991 meis
1589 1925 2010 2015 prospicere
2037 1933 2329 2018 queant,

321 2030 470 2092 tum
524 2021 712 2114 quod
770 2019 1035 2092 nullum
1094 2019 1259 2091 hinc
1309 2024 1701 2092 exercitum
1755 2020 2072 2094 educere
2125 2022 2328 2111 licet3

321 2117 653 2214 Norvegi
719 2122 903 2191 enim
971 2120 1319 2193 Gothicas
1393 2124 1638 2214 copias
1699 2142 1833 2215 per
1900 2121 2082 2194 fines
2150 2142 2332 2195 suos

325 2221 467 2292 iter
529 2220 813 2306 facere,
882 2219 1188 2293 moleste
1248 2219 1506 2294 ferent.
1608 2220 1957 2313 Quoniam
2012 2242 2191 2295 vero
2256 2225 2331 2294 in

327 2341 805 2412 congressum
866 2341 1099 2391 meum
1167 2324 1504 2407 venistiS,
1589 2344 1802 2392 unum
1867 2319 2076 2394 vohis
2144 2321 2330 2395 dabo

325 2420 731 2506 consilium,
804 2418 1004 2514 quod
1087 2443 1298 2515 quem
1356 2417 1754 2492 habiturum
1823 2432 2153 2493 eventum
2193 2422 2334 2509 sit,

327 2541 559 2616 penes
610 2520 849 2592 Deum
904 2528 1034 2591 est.
1133 2512 1365 2612 Regis
1417 2517 1713 2611 Sigurdi
1765 2519 1954 2592 filius
2002 2523 2330 2613 proxime

329 2620 651 2714 elapsum
686 2620 947 2692 festum
974 2617 1284 2694 Jolense
1313 2619 1503 2713 apud
1531 2640 1668 2690 nos
1701 2623 2069 2713 transegit,
2119 2639 2333 2715 quem

326 2741 516 2793 nunc
562 2724 631 2790 in
658 2717 1136 2792 vermalando
1189 2723 1468 2793 versari
1511 2718 1852 2809 arbitron
1904 2719 2091 2792 hune
2119 2718 2333 2793 vohis

331 2824 587 2893 ducem
638 2823 932 2906 sumite,
1008 2840 1246 2914 neque
1301 2823 1483 2891 enim
1542 2822 1611 2890 ei
1663 2830 1839 2892 aetas
1888 2831 2156 2892 matura
2204 2841 2340 2893 ne-

250 2979 292 3010 „
328 2944 472 3017 que
522 2920 901 2992 facultates
952 2922 1219 3010 ingenii
1271 2921 1566 2992 desunt:
1638 2919 1824 2991 hunc
1875 2930 2116 3007 orate,
2168 2943 2332 2992 cau-

206 3020 223 3032 ‘
328 3044 483 3093 sam
532 3030 843 3091 vestram
899 3029 977 3091 ut
1023 3023 1382 3114 suscipiat.
1482 3018 1595 3091 Illi
1645 3030 1926 3091 contra:
1994 3023 2333 3091 conveni·

328 3142 488 3193 mus
540 3119 729 3192 hunc
777 3119 1026 3206 virum,
1078 3129 1152 3191 at
1197 3118 1560 3213 repulsam
1603 3118 1909 3190 tulimus.
2008 3119 2337 3210 Dynasta

332 3243 427 3293 eo
477 3222 705 3312 magis
757 3219 1059 3305 hortari,
1129 3220 1413 3290 dicens:
1491 3216 1659 3287 mihi
1729 3215 2012 3310 quidem
2064 3219 2336 3289 animus

330 3322 690 3415 praesagit,
740 3341 902 3405 vos»,
955 3322 1089 3391 nisi
1139 3318 1229 3390 ab
1265 3317 1405 3391 hoc
1441 3319 1809 3411 principio,
1859 3316 2059 3388 nullo
2097 3337 2334 3388 rerum

328 3429 728 3492 vestrarum
795 3435 1149 3492 successu
1215 3439 1521 3507 usuros3
1601 3435 1863 3512 quare,
1948 3415 2178 3509 agite,
2244 3417 2336 3489 ad

332 3541 495 3591 eum
557 3519 832 3604 redite,
900 3520 963 3590 si
1029 3534 1196 3590 meo
1247 3518 1551 3590 consilio
1603 3521 1705 3588 uti
1754 3516 1990 3589 vultis.
2091 3516 2334 3612 Atque

331 3638 420 3691 ea
469 3641 513 3690 a
560 3638 677 3688 me
729 3616 952 3690 verba
1000 3616 1094 3689 ad
1147 3640 1307 3690 eum
1357 3616 1777 3712 perferatis,
1828 3636 1943 3687 me
1998 3620 2067 3688 ei
2118 3635 2334 3710 quan-

329 3728 469 3790 tam
520 3729 867 3812 praestare
931 3728 1188 3812 potero
1255 3721 1625 3791 amicitiam
1690 3715 2055 3810 polliceri,
2125 3718 2335 3809 eique

328 3815 487 3904 hic,
553 3837 981 3911 quocunque
1047 3821 1118 3887 in
1167 3814 1504 3892 Sveciam
1553 3820 1871 3903 venerit,
1942 3817 2337 3887 exercitum

330 3927 482 3990 tuto
518 3920 890 3990 continere
934 3928 1320 4013 pacataque
1353 3919 1655 4009 regione
1683 3921 1785 3988 uti
1816 3916 2116 3987 liberum
2153 3924 2335 3987 esto.

329 4011 505 4089 Eam
559 4020 629 4088 ei
681 4007 1058 4114 proponite
1111 4019 1621 4104 conditionem,
1688 4026 1769 4087 ut
1815 4026 1938 4087 aut
1988 4018 2338 4087 communi

331 4128 651 4192 vestrum
716 4121 1133 4194 necessitati
1196 4116 1607 4205 subveniat,
1673 4125 1792 4188 aut
1841 4136 1998 4209 vos,
2029 4134 2189 4184 eum
2242 4112 2336 4180 de
