2950 4709
1568 354 1658 420 Vl

610 563 773 625 opus
817 545 1056 604 ieceras
1082 541 1288 621 fecit,
1345 558 1486 620 quae
1530 540 1609 601 ad
1652 545 1974 603 auctorem
2017 540 2305 604 historin
2345 523 2614 622 spectat,

608 647 779 708 infra
822 646 1090 708 dicetur.
1180 643 1481 706 Ceterum
1525 644 1841 705 nonnulloe
1884 643 2347 724 adscriptiones
2385 646 2615 725 proba-

607 749 737 812 bile
774 750 1057 824 faciunt,
1101 749 1271 809 hunc
1313 748 1598 810 codicem
1642 749 1710 809 in
1754 749 2064 829 Norvegia
2107 749 2346 825 fuisse,
2388 748 2613 811 saltem

607 871 735 915 sec.
781 853 1027 914 decimo
1071 858 1248 914 exto
1264 870 1284 925 ς
1329 851 1611 913 indidem
1657 870 1906 931 quoque
1948 852 2325 914 immortalis
2364 853 2462 914 vir
2491 850 2613 913 Ar-

608 974 720 1018 nas
774 957 1104 1035 Magnaeus
1169 973 1312 1016 eum
1377 954 1746 1033 acquisivit,
1810 974 2069 1035 anaeque
2133 954 2617 1038 incomparabili

606 1060 1179 1139 manuscriptorum
1223 1058 1586 1120 coiiecticni
1629 1059 1919 1121 inseruit.

774 1162 851 1235 G,
897 1162 1038 1224 cod.
1084 1161 1348 1223 membr.
1393 1180 1471 1223 ex
1515 1160 1733 1223 eadem
1778 1161 2156 1225 coliectione
2198 1181 2261 1224 n.
2302 1161 2421 1236 47,
2477 1159 2613 1222 for-

606 1286 706 1331 ma
752 1268 1038 1340 maxima,
1080 1266 1495 1348 Eyrcpennill
1534 1265 1767 1338 dictus,
1813 1266 2148 1326 continens
2190 1265 2613 1345 posteriorem

604 1369 1096 1448 Heimskringiae
1139 1377 1384 1448 partem
1428 1387 1464 1430 a
1507 1388 1643 1448 cap.
1680 1367 1828 1429 252.
1873 1368 2162 1431 historioe
2183 1369 2362 1431 Olavi
2397 1369 2615 1431 Sancti

604 1475 684 1534 ad
727 1475 916 1534 finem
961 1472 1248 1534 historiae
1272 1472 1492 1551 Magni
1515 1472 1885 1551 Eriingidae‚
1928 1472 2030 1533 cui
2068 1490 2307 1534 annexa
2340 1480 2442 1534 est
2472 1475 2609 1553 epi-

605 1584 777 1639 tome
848 1576 1134 1655 quoedam
1208 1576 1496 1637 historiae
1568 1575 1915 1639 SverreriS.
2016 1576 2214 1653 Quam
2288 1576 2612 1655 epitomen

605 1681 1141 1744 continuationem
1198 1698 1341 1741 esse
1400 1677 1893 1756 Hcimskringiae
1953 1695 1991 1737 a
2031 1677 2297 1738 Snorrio
2340 1677 2616 1740 Sturiaeo

604 1786 997 1846 concinnatae
1043 1782 1274 1844 docent
1316 1783 1508 1844 verba
1551 1782 1778 1861 capitis
1824 1780 1971 1854 112,
2016 1801 2186 1859 “cem
2210 1786 2369 1865 fyr-1·
2408 1803 2481 1843 cr
2520 1784 2614 1845 ri·

606 1892 770 1961 taff’,
814 1904 955 1965 quae
989 1886 1212 1958 verba,
1273 1903 1414 1946 cum
1471 1886 1538 1945 in
1602 1886 1836 1946 ceteris
1879 1886 2300 1948 membraneis
2345 1904 2473 1946 non
2515 1886 2614 1948 in-

604 1991 959 2062 veniantur,
1005 1986 1471 2069 praecedentem
1505 1987 1996 2067 Heimskringloe
2039 1988 2369 2050 historiam
2396 1987 2615 2066 Magni

604 2089 992 2171 Eriingidae‚
1052 2091 1134 2153 de
1193 2090 1647 2152 controversiis
1703 2091 1875 2152 inter
1927 2109 2141 2171 regem
2185 2097 2253 2152 et
2294 2091 2613 2171 archiepi-

605 2212 867 2274 scopum
911 2199 1220 2274 agentem,
1268 2193 1609 2256 manifesto
1650 2194 2025 2273 respiciunt.
2110 2194 2208 2255 Ex
2254 2211 2379 2274 quo
2423 2211 2613 2274 appa-

542 2289 555 2310 ⁰
603 2304 740 2374 ret,
800 2298 1138 2359 Suorrinm
1203 2298 1368 2359 hanc
1418 2298 1743 2378 epitomen
1802 2298 2025 2359 eodem
2083 2316 2347 2378 prorsus
2406 2297 2619 2374 modo,

606 2410 800 2482 atquc
850 2409 1135 2464 versatus
1195 2409 1296 2464 est
1337 2401 1405 2463 in
1448 2401 1682 2462 ceteris
1726 2419 1944 2479 regum
1987 2400 2481 2481 Norvegicorum
2524 2399 2619 2461 vi-

604 2506 732 2579 tis,
775 2505 1205 2579 excludendo,
1270 2504 1744 2578 contrahendo,
1805 2505 2181 2587 corrigendo
2223 2512 2289 2568 et
2331 2503 2617 2583 augendo

607 2609 1107 2670 concinnavisse.
1195 2609 1393 2686 Quam
1438 2607 1523 2668 ob
1560 2625 1807 2668 cansam
1851 2608 1958 2669 hic
2001 2607 2200 2670 codex
2243 2608 2473 2669 merito
2518 2607 2616 2668 di·-

606 2729 767 2790 gnus
808 2711 983 2771 visus
1022 2715 1163 2783 est,
1227 2710 1336 2788 qui
1395 2726 1639 2770 summa
1694 2726 1845 2769 cura
1901 2714 1968 2770 et
2007 2708 2150 2770 fere
2190 2711 2385 2771 verbo
2429 2716 2616 2772 tenus

602 2833 748 2876 cum
813 2812 1033 2874 codice
1087 2813 1158 2873 A
1214 2812 1577 2893 ceterisque
1639 2812 2060 2874 membraneis
2118 2818 2612 2894 compararetur.

574 2918 705 2990 ‘Ad
763 2924 1014 2996 tempus
1068 2916 1618 2991 constituendum,
1693 2934 1819 2997 quo
1888 2915 1996 2978 hic
2067 2916 2267 2979 codex
2322 2922 2614 2979 exaratus

611 3023 736 3094 sit,
794 3020 1139 3100 adscriptio
1199 3022 1266 3082 in
1324 3021 1548 3083 eodem
1597 3020 1779 3082 obvia
1835 3021 2028 3083 facit:
2096 3022 2263 3093 „istc
2317 3019 2472 3082 liher
2513 3027 2614 3084 eat

613 3123 1011 3190 Throndonis
1054 3124 1337 3187 Garama·
1372 3125 1494 3201 (vel
1525 3124 1824 3197 Gar-deri)
1842 3166 1863 3198 ‚
1903 3126 2200 3186 canonici
2235 3122 2612 3186 Nidrost'en-

603 3231 774 3302 εἰς”ς
815 3231 923 3308 qui
967 3228 1307 3291 Thrandua
1345 3227 1646 3290 Gardaris
1679 3228 1849 3290 filius
1880 3230 2099 3291 floruit
2132 3229 2302 3290 circa
2334 3226 2611 3290 medium

605 3352 736 3397 ccc.
773 3332 915 3406 14.‚
959 3338 1032 3393 nt
1074 3338 1335 3411 apparet
1377 3352 1454 3394 ex
1488 3332 1802 3394 codicillis
1837 3332 2281 3405 membraneis,
2326 3330 2425 3392 ed.
2453 3331 2613 3393 Ber-

605 3436 702 3513 gis
744 3434 851 3495 23.
891 3433 1050 3514 Aug.
1098 3435 1283 3497 1363.
1370 3437 1527 3514 Quae
1568 3436 1914 3515 adscriptio
1959 3453 2101 3496 cnm
2145 3434 2463 3514 scriptura
2505 3452 2613 3496 co-

605 3539 768 3601 dicis
824 3539 1014 3618 longe
1059 3539 1380 3600 recentior
1438 3558 1584 3601 esse
1624 3538 1948 3614 videatur,
2025 3539 2166 3619 ipsc
2221 3538 2390 3601 liber
2440 3539 2614 3603 haud

605 3642 797 3707 dubie
856 3643 1119 3706 ineunte
1175 3662 1306 3706 sec.
1351 3643 1487 3717 14„
1557 3648 1665 3704 aut
1721 3643 1911 3704 etiam
1970 3648 2242 3705 exeunte
2295 3661 2425 3705 sec.
2473 3642 2615 3721 13„

606 3752 897 3808 exaratus
953 3753 1071 3807 cst.
1174 3746 1381 3809 Multa
1453 3749 1663 3808 tamen
1737 3753 1922 3820 sunt,
1996 3747 2225 3826 quibus
2290 3753 2613 3827 appareat,

606 3849 770 3911 hanc
814 3850 1134 3912 Sverreris
1191 3849 1521 3911 historiam
1579 3868 1659 3911 ex
1699 3851 2033 3911 vetustiori
2086 3850 2251 3912 libro
2296 3851 2489 3925 (forte
2533 3870 2611 3913 ex

609 3954 998 4034 autographo
1071 3955 1272 4033 ipsius
1347 3954 1597 4017 Snorrii
1654 3953 1913 4015 Sturioei
1963 3960 2071 4015 aut
2128 3954 2376 4016 librarii
2440 3953 2607 4034 ejus)

607 4058 990 4137 descriptam
1035 4077 1198 4120 esse.
1286 4058 1759 4140 orthographia
1803 4058 2045 4121 codicis
2095 4076 2238 4120 cum
2281 4061 2349 4121 in
2395 4058 2612 4121 multis

608 4180 807 4249 prope
851 4162 928 4226 ad
974 4161 1118 4226 cod.
1166 4163 1234 4226 A
1281 4163 1561 4240 accedit,
1642 4168 1775 4226 tum
1833 4162 1960 4230 hoc
2015 4162 2337 4246 peculiare
2392 4162 2608 4240 habet,
