2950 4709
361 345 450 415 c.
482 346 624 415 156.
822 349 1189 402 οιετοιιιιι
1237 348 1466 402 uncis
1520 350 1958 415 ενοιιιιιιιιιε.
2180 326 2382 416 *m

371 540 848 632 propinquare
897 546 1301 632 potuerunt.
1378 535 1634 631 Baglis
1684 557 1818 633 per
1861 540 2237 633 superiora
2285 538 2379 610 ad

371 646 658 733 pontem
711 637 1308 710 contendentibus
1358 649 1670 737 praeerat
1716 638 1961 732 lugius
2013 658 2150 709 rex
2185 637 2378 709 desi-

370 747 655 829 gnatus,
705 740 1094 831 episeopus
1118 723 1491 826 Nicolaus,
1539 738 1943 810 Halvardus
1986 735 2381 814 Sastaden-

369 840 495 908 sis.
558 836 692 908 His
724 841 1056 930 impetum
1088 841 1160 907 in
1192 849 1476 955 pontem
1528 836 1956 909 facientibus
1984 834 2381 908 Birkiheini

369 945 622 1007 contra
671 938 1021 1007 vadentes
1068 939 1141 1006 in
1191 940 1350 1030 ipso
1403 947 1622 1030 ponte
1675 946 2160 1008 occurrerunt.
2245 935 2382 1007 Hic

367 1037 719 1107 acerrima
769 1057 1005 1128 pugna
1059 1038 1322 1122 extitit,
1390 1036 1653 1109 milites
1704 1039 2033 1131 utrinque
2089 1035 2380 1124 cadunt3

371 1135 722 1206 cedentes
787 1133 1186 1205 Birkiheini
1253 1147 1541 1228 pontem
1606 1136 2049 1229 relinquunt,
2122 1133 2380 1228 Baglis

366 1234 841 1306 veliementer
890 1234 1330 1306 instantibus
1432 1235 1733 1330 Aliquot
1777 1234 2208 1323 Birkibeini,
2260 1238 2381 1330 qui

370 1333 742 1406 castellum
797 1332 1133 1409 tenebant
1187 1345 1512 1406 extremo
1551 1339 1749 1427 ponti
1786 1345 2380 1428 superstructum,

367 1436 698 1525 ingentia
738 1455 918 1503 saxa
981 1437 1056 1501 in
1105 1432 1381 1524 Baglos
1428 1433 1869 1526 ingerebant.
1967 1433 2137 1525 Quo
2191 1436 2381 1507 sacto

372 1554 531 1604 cum
585 1532 954 1602 fortissimi
1003 1530 1580 1606 Birkiheinorum
1645 1532 1910 1608 delecti
1970 1537 2042 1604 in
2092 1544 2382 1626 pontem

373 1631 1026 1726 progrederentur,
1093 1629 1307 1723 Bagli
1358 1642 1843 1704 recesserunt.
1945 1631 2122 1703 Cum
2174 1653 2383 1719 vero,

309 1767 314 1770 -
373 1734 493 1826 qui
545 1733 749 1824 primi
799 1730 1115 1816 stabant,
1167 1741 1374 1823 terga
1421 1739 1715 1803 vertere
1768 1734 2202 1825 cogitarent,
2252 1730 2381 1817 illi,

267 1883 290 1896 t
373 1834 495 1924 qui
575 1828 665 1901 ab
731 1832 944 1901 armis
1019 1828 1592 1902 Birkibeinorum
1667 1834 2097 1910 remotiores
2157 1839 2382 1917 erant,

371 1930 828 2018 obstiterunt3
879 1931 1069 2000 unde
1105 1940 1296 2001 tanta
1344 1933 1417 2000 in
1469 1939 1686 2024 ponte
1737 1930 1943 2002 turha
1992 1934 2386 2026 constipata

374 2039 512 2116 est,
563 2040 644 2101 ut
692 2029 948 2101 laxatis
988 2030 1334 2102 cancellis
1378 2030 1577 2101 multi
1606 2029 1999 2124 Baglorum
2043 2052 2136 2102 ex
2163 2041 2382 2122 ponte
2446 2047 2451 2056 ·

373 2130 818 2216 deciderent,
869 2129 987 2200 alii
1040 2133 1110 2200 in
1160 2152 1380 2224 aquas
1418 2129 1809 2202 desilirent.
1887 2130 2136 2225 Itaque
2170 2128 2384 2222 Bagli

374 2229 464 2298 ab
514 2229 840 2321 ampliori
909 2240 1166 2301 conatu
1219 2233 1457 2321 pontis
1508 2232 1888 2302 invadendi
1941 2232 2383 2326 destiterunt.

374 2326 561 2398 Post
608 2325 767 2397 haec
817 2325 1029 2419 Bagli
1077 2327 1167 2398 ab
1220 2331 1364 2399 ictu
1418 2329 1544 2399 teli
1594 2339 2098 2415 recesserunt,
2162 2350 2382 2400 nova-

379 2446 520 2520 que
591 2426 889 2496 consilia
956 2431 1475 2518 excogitarunt.
1576 2427 1982 2522 Episcopus
2031 2426 2384 2499 Nicolaus

375 2528 448 2596 id
502 2524 781 2596 consilii
834 2528 1232 2619 proposuit,
1284 2535 1363 2598 ut
1411 2535 1697 2620 pontem
1745 2530 1913 2620 igne
1966 2530 2229 2620 injecto
2278 2529 2383 2595 in-

376 2627 843 2697 flammarent:
921 2648 1063 2718 quo
1114 2625 1353 2713 facto,
1388 2624 1629 2697 nullus
1684 2647 1779 2696 ex
1832 2627 2092 2720 oppido
2147 2629 2385 2698 exitus

377 2725 821 2819 relinquitur,
872 2728 1007 2795 nisi
1059 2747 1191 2818 per
1241 2746 1503 2810 arcem,
1557 2748 1760 2820 quam
1811 2729 2045 2798 statim
2098 2725 2386 2797 obside-

377 2825 645 2910 bimuS,
705 2835 784 2895 ut
830 2835 955 2896 aut
1004 2828 1074 2895 in
1121 2826 1388 2919 oppido
1441 2825 1885 2898 manentibus
1937 2826 2120 2897 fame
2172 2822 2387 2920 pere·

376 2926 676 3010 undum,
743 2936 862 2997 aut
930 2927 1361 2997 exeuntibus
1412 2929 1484 2995 in
1534 2926 1793 2997 infesta
1843 2925 1990 2997 tela
2036 2926 2386 2998 ruendum

377 3029 492 3095 sit.
594 3023 721 3092 Sic
771 3027 1136 3110 fecerunt,
1203 3029 1442 3116 ignem
1506 3028 1704 3116 ponti
1756 3024 2180 3112 intulerunt,
2249 3026 2386 3095 sed

376 3121 774 3192 Birkiheini
838 3126 1075 3213 ignem
1143 3132 1478 3193 avertere
1546 3127 1817 3209 conati,
1894 3124 2178 3194 tandem
2244 3125 2386 3195 vim

381 3220 690 3291 incendii
744 3219 1285 3292 restinxeruntl.
1353 3220 1547 3290 Dein
1604 3225 1989 3314 episcopus
2037 3220 2387 3294 Nicolaus

380 3331 459 3391 et
506 3323 620 3390 sui
670 3319 1157 3412 Helgisetrum
1208 3321 1599 3413 profectus,
1653 3319 2213 3393 coenobiarcham
2264 3343 2387 3392 ce·

382 3427 727 3510 terosque
780 3423 1187 3506 canonicoS,
1239 3429 1318 3490 ut
1352 3441 1604 3490 secum
1657 3431 2074 3514 pugnarent,
2127 3424 2388 3513 coegit,

379 3517 591 3590 aliter
641 3539 725 3588 se
778 3523 1275 3592 monasterium
1325 3521 1653 3591 incendio
1719 3521 2119 3593 deleturum
2172 3524 2387 3593 mina-

242 3628 260 3642 ‘
381 3627 534 3706 tus3
584 3639 724 3711 qua
775 3640 857 3689 re
912 3623 1214 3714 permoti
1267 3641 1425 3691 eum
1458 3623 1790 3707 comitati,
1841 3625 1914 3691 in
1946 3625 2130 3693 nave
2160 3624 2387 3713 ipsius

378 3716 864 3790 versabantur.
962 3718 1335 3791 Celocium
1392 3720 1862 3806 defensoreS,
1932 3721 2188 3816 quibus
2239 3721 2387 3790 adi-

309 3885 330 3908 „
379 3828 500 3890 tus
552 3818 814 3910 oppidi
847 3817 1149 3888 difficilis
1200 3818 1436 3905 fiebat,
1489 3840 1644 3888 cum
1700 3822 2055 3912 pugnandi
2086 3817 2388 3891 facultas

375 3939 522 3988 nou
565 3917 888 4002 daretur,
941 3917 1240 3988 celoces
1283 3918 1462 3988 infra
1491 3915 1841 3990 Bakkium
1875 3920 2143 3991 deferri
2194 3923 2388 4010 passi

375 4030 561 4091 sunt.
662 4007 873 4087 Rex
891 4015 1208 4092 Sverrer
1276 4037 1371 4087 ex
1438 4016 1659 4111 Eyris
1726 4019 1817 4090 ad
1887 4016 2390 4089 Smidiohudas

454 4144 1397 4228 ¹)integrounotabularrineumod
1421 4147 2391 4220 adfipaemmridianamwaddGF.
2906 4105 2907 4150 Ξ
