2950 4709
333 376 653 450 (25253,
774 384 1139 434 msromn
1199 381 1423 433 uncus
1479 379 1912 431 svnnnnnm.
2231 357 2348 444 93

331 570 708 662 responsis
758 565 976 638 multa
1026 565 1235 639 vobis
1288 587 1331 637 a
1378 563 1548 636 Deo
1602 573 1676 634 et
1730 584 1843 634 me
1898 584 2197 637 merces·
2218 566 2345 639 de·

331 671 542 757 fluet3
586 672 729 760 jam
784 665 1026 737 fidenti
1060 674 1306 736 contra
1337 665 1592 737 hostes
1640 666 1871 734 animo
1921 667 2108 753 sitis3
2162 687 2347 738 nuuc

334 770 718 841 adversum
776 787 909 837 eos
958 769 1431 857 remigemus,
1482 783 1613 857 pro
1666 784 1800 834 sua
1849 767 2147 858 quisque
2194 765 2345 837 for-

334 870 632 940 titudine
687 885 935 938 nuvem
989 867 1060 934 in
1112 868 1338 935 aciem
1388 863 1768 957 producat3
1838 883 2062 935 naves
2111 876 2348 936 autem

334 972 523 1039 inter
586 987 670 1037 se
738 964 1057 1058 copulari
1123 960 1315 1035 uolo.
1417 961 1602 1033 Post
1650 960 1807 1033 haee
1860 972 2061 1035 extra
2109 963 2346 1036 Nord-

332 1089 590 1138 nesum
642 1069 1102 1155 remigarunt,
1137 1063 1274 1134 uhi
1326 1085 1485 1134 cum
1539 1059 1899 1155 paulisper
1939 1068 2349 1137 commorati

337 1176 628 1252 essent,
700 1165 957 1236 classis
1009 1165 1256 1255 Magni
1323 1166 1525 1256 regis
1592 1184 1636 1233 a
1698 1162 1996 1232 meridie
2047 1164 2349 1237 advecta

333 1266 852 1339 Hvarssnesum
932 1266 1470 1357 praenavigavit,
1552 1270 1627 1333 et
1697 1251 1928 1332 'sinum
2009 1263 2350 1336 celeriter

334 1367 905 1461 adpropinquans
954 1362 1119 1435 vela
1172 1385 1379 1457 quam
1430 1363 1770 1433 citissime
1816 1359 2131 1455 collegit.
2211 1364 2350 1437 Hic

337 1489 474 1538 rex
521 1467 878 1558 MagnuS,
946 1463 1184 1534 classe
1240 1463 1327 1532 ad
1380 1460 1815 1554 colloquium
1864 1461 2030 1534 tuba
2080 1486 2347 1538 convo-

338 1575 529 1653 cata,
598 1568 990 1637 orationem
1058 1563 1151 1634 ad
1212 1561 1475 1634 milites
1544 1558 1823 1648 habuit,
1895 1572 1970 1634 et
2036 1562 2226 1635 hunc
2273 1567 2348 1635 in

335 1668 620 1737 modum
670 1665 894 1738 verba
944 1664 1133 1735 fecit.

432 1766 693 1838 Oratio
741 1767 949 1861 reqis
997 1762 1265 1859 Maym’
1314 1782 1561 1832 cormn
1611 1762 1945 1832 eoeoecitu
1991 1758 2260 1835 habita.

538 1866 656 1937 53.
757 1864 921 1936 Jam
987 1863 1195 1935 uobis
1258 1862 1508 1934 videre
1576 1859 1747 1930 licet
1818 1882 2047 1934 naves
2111 1860 2346 1933 Birki-

335 1965 746 2050 heinorum‚
810 1967 929 2059 qui
998 1967 1136 2035 etsi
1190 1963 1312 2033 diu
1361 1960 1504 2032 hoc
1555 1980 1732 2032 vere
1784 1985 1826 2035 a
1879 1962 2086 2034 nobis
2138 1962 2346 2056 fuge-

334 2070 512 2152 rint,
579 2076 813 2137 tamen
874 2086 1060 2136 nunc
1127 2058 1388 2134 idonea
1452 2059 1664 2131 nobis
1714 2064 2000 2135 occasio
2052 2063 2350 2134 offertur

335 2166 587 2261 praelio
657 2187 813 2237 cum
877 2166 987 2235 eis
1040 2162 1439 2235 dimicandi.
1531 2158 1688 2231 Sed
1755 2167 1818 2235 si
1886 2165 2006 2256 qui
2074 2166 2216 2233 sint
2274 2166 2347 2233 in
2472 2198 2485 2204 ‘

337 2278 584 2336 nostro
655 2267 1022 2350 exercitu,
1093 2266 1211 2356 qui
1277 2284 1464 2333 nunc
1515 2262 1883 2333 recordari
1933 2262 2156 2333 nolint
2205 2283 2379 2335 (ιω-·-

338 2367 502 2436 dem
552 2376 1016 2457 cognatorum
1061 2383 1353 2433 suorum
1400 2382 1441 2431 a
1468 2356 1906 2433 Birkibeinis
1934 2360 2345 2433 interfecto·-

334 2487 512 2551 rum‚
557 2474 676 2535 aut
724 2467 1173 2548 vexationes,
1227 2459 1484 2557 quibus
1534 2460 1621 2529 ab
1662 2465 1769 2532 eis
1804 2482 2052 2532 sumus
2081 2459 2346 2547 afflicti,

335 2567 506 2659 quid
572 2564 710 2636 hos
790 2563 880 2634 ad
962 2560 1474 2657 impugnandos
1539 2555 1996 2633 Birkibeiuos
2078 2560 2346 2632 hortari

325 2665 583 2757 juvet?
684 2663 841 2735 Etsi
895 2684 1074 2734 vero
1125 2658 1406 2753 singula
1456 2660 1552 2729 ita
1603 2670 2004 2756 comparata
2054 2662 2345 2733 videan-

335 2775 472 2850 tur,
524 2773 602 2836 ut
651 2784 828 2856 spes
878 2766 1012 2849 sit,
1064 2762 1224 2834 fore
1277 2770 1352 2832 ut
1400 2757 1565 2831 talis
1614 2782 1781 2833 sors
1832 2772 1907 2832 et
1956 2760 2204 2833 clades
2253 2760 2347 2833 ad

338 2885 586 2936 eorum
638 2864 1014 2935 factionem
1065 2860 1479 2947 redundet,
1519 2859 1801 2954 qualem
1854 2860 1941 2932 ab
1991 2864 2172 2954 ipsis
2216 2883 2345 2933 an-

336 2974 454 3035 tea
504 2966 939 3058 accepimuS,
990 2967 1226 3033 tamen
1275 2964 1555 3032 minime
1607 2961 1849 3040 idonei
1901 2982 2175 3047 sumus,
2226 2963 2348 3055 qui

336 3086 495 3135 cum
563 3067 672 3135 eis
722 3064 1301 3183 congrediamur,
1367 3072 1753 3180 propterea
1817 3062 2011 3155 quod
2065 3059 2347 3131 nobiles

333 3186 423 3234 ac
473 3163 703 3234 fortes
751 3166 949 3234 viros
1001 3166 1113 3233 eis
1164 3164 1664 3253 opposuimus,
1726 3159 1829 3230 illi
1880 3169 2125 3231 contra
2175 3157 2347 3229 nihil

332 3263 602 3334 habeut
648 3266 783 3334 nisi
835 3262 1058 3349 fures,
1110 3259 1429 3332 latrones
1482 3270 1556 3330 et
1581 3258 2049 3353 praedatoreS‚
2099 3280 2142 3328 3
2186 3277 2344 3329 ser-

333 3365 447 3435 vis
502 3372 577 3433 et
625 3364 971 3435 mendicis
1022 3361 1402 3446 oriundos,
1451 3381 1638 3453 quos
1686 3359 1898 3430 Deus
1948 3358 2343 3452 pervertat!

330 3461 591 3556 Neque
659 3465 927 3535 nostris
994 3460 1354 3534 nobilibus
1407 3463 1732 3551 cognatis
1791 3481 1882 3531 eo
1932 3462 2160 3551 magis
2211 3460 2348 3531 erit

335 3571 811 3654 parentatum,
888 3566 951 3632 si
1003 3562 1142 3634 hos
1195 3580 1446 3632 omues
1497 3562 1583 3631 ad
1635 3582 1848 3632 unum
1897 3559 2344 3646 interfeceri-

332 3684 515 3748 mus,‚
565 3663 757 3755 quod
811 3663 1056 3733 facere
1107 3661 1313 3733 nobis
1365 3659 1753 3754 opprobrio
1807 3680 1981 3731 esse
2031 3682 2175 3731 non
2214 3681 2343 3753 po-

332 3770 494 3832 test.
580 3760 681 3832 Ut
731 3784 957 3833 meam
1012 3759 1448 3836 voluntatem
1499 3759 1710 3831 vobis
1762 3762 2096 3853 aperiam,
2147 3768 2344 3845 veto,

330 3881 424 3931 ne
493 3864 654 3955 quis
723 3875 1128 3934 nostrorum
1196 3870 1405 3932 tantae
1472 3861 1569 3930 sit
1616 3859 1975 3946 audaciae,
2049 3866 2128 3930 ut
2176 3861 2342 3929 vitae

331 3965 629 4053 gratiam
682 3962 809 4033 ulli
859 3963 1089 4033 saciat.
1165 3957 1534 4032 Habemus
1574 3968 1649 4029 et
1682 3961 1858 4031 satis
1887 3978 2343 4030 numerosum

331 4073 407 4132 et
456 4072 774 4134 ornatum
828 4064 1242 4134 exercitum.
1340 4055 1659 4130 Primum
1711 4063 1781 4129 iu
1834 4080 1967 4129 eos
2008 4057 2343 4150 impetum

330 4161 517 4235 adeo
586 4184 826 4236 acrem
910 4163 1290 4246 faciamus,
1370 4166 1447 4232 ut
1529 4158 1757 4231 altero
1840 4178 1983 4230 non
2061 4166 2340 4250 egeant.
