2950 4709
618 323 729 415 14
1047 348 1414 402 msoeonu
1467 348 1694 403 neers
1749 333 2191 405 emunata.
2274 366 2282 378 ·
2456 353 2625 421 (3.8,

615 537 751 614 dit:
815 535 985 609 mihi
1034 537 1316 632 quidem
1364 547 1612 612 nostra
1661 536 1973 611 conditio
2017 535 2107 609 ad
2156 558 2449 630 magnas
2499 557 2624 609 res

610 639 974 733 gerendas
1028 638 1518 733 praeclaraque
1568 638 1885 713 facinora
1927 639 2383 732 suscipienda
2423 638 2623 711 nullo

610 740 825 811 modo
891 732 1150 810 idonea
1220 757 1390 811 esse
1457 738 1777 826 videtur3
1859 759 1996 811 vos
2066 742 2252 811 enim
2315 742 2622 812 omnium

609 860 845 912 rerum
897 841 1113 929 egeni
1165 842 1367 924 estis,
1421 849 1712 931 egomet
1760 842 1969 932 inops
2019 838 2369 934 vobisque
2415 843 2620 933 igno·

607 947 758 1028 tus3
827 948 902 1009 et
949 932 1175 1020 facile,
1210 934 1616 1031 intelligere
1668 941 2033 1033 poteritis,
2097 942 2162 1010 si
2210 940 2421 1011 vobis
2474 941 2621 1012 dis-

608 1038 942 1134 plicuerit
992 1048 1235 1110 nostra
1285 1042 1511 1125 ratio,
1563 1057 1700 1112 vos
1749 1037 1938 1112 haud
1990 1042 2168 1111 satis
2215 1043 2448 1126 scire,
2501 1043 2621 1111 cui

606 1149 919 1213 vestram
972 1155 1261 1231 operam
1311 1138 1680 1210 addicetis.
1780 1136 1892 1210 Eo
1934 1159 2219 1234 quoque
2257 1137 2423 1211 loco
2458 1162 2618 1211 sum

606 1250 836 1325 natus,
889 1231 1010 1309 ubi
1060 1236 1391 1310 homines
1441 1238 1650 1311 tantis
1696 1239 2001 1331 inceptis
2047 1249 2122 1311 et
2151 1242 2462 1331 negotiis
2493 1260 2616 1333 pa·-
2686 1261 2692 1266 ·

605 1357 761 1412 rum
810 1332 1090 1410 adsveti
1139 1349 1326 1423 sunt,
1374 1357 1739 1432 paucaque
1773 1337 1982 1409 nobis
2031 1340 2121 1410 ad
2173 1357 2618 1411 communem

606 1441 1023 1523 societatem
1091 1455 1497 1530 congruere
1562 1439 1931 1525 videntur,
1995 1448 2268 1533 praeter
2308 1441 2615 1533 inopiam

604 1542 927 1634 pecuniae
978 1556 1362 1632 rerumque
1413 1540 1878 1632 iniquitatem
1924 1556 2126 1633 quam
2169 1536 2263 1610 oh
2297 1555 2450 1611 rem
2484 1561 2616 1611 ve-

603 1649 775 1712 strae
826 1631 1129 1710 fortunae
1181 1637 1534 1709 cumulum
1588 1642 1778 1718 meis,
1804 1639 1994 1711 curis
2022 1639 2294 1711 addere
2328 1659 2615 1711 recuso.

544 1751 551 1756 ‘
604 1738 956 1830 Quoniam
1005 1758 1187 1809 vero
1245 1758 1361 1809 me
1426 1737 1796 1832 supplices
1856 1737 2167 1825 adiistis,
2236 1738 2613 1810 consilium

601 1838 815 1911 vobis
868 1836 1077 1922 dabo,
1129 1837 1323 1930 quod
1365 1855 1509 1908 non
1552 1840 1709 1909 sine
1765 1838 2025 1911 effectu
2074 1834 2234 1910 sore
2268 1837 2612 1912 arbitror}

602 1937 795 2009 affini
845 1957 1008 2008 meo
1036 1929 1326 2027 Birgeri
1369 1946 1444 2007 et
1468 1930 1791 2029 Brigidae
1838 1947 1993 2009 tres
2045 1947 2212 2010 sunt
2258 1938 2404 2024 filii,
2456 1941 2610 2031 qui-

599 2033 740 2110 hus
788 2038 994 2127 regni
1045 2034 1407 2107 obtinendi
1447 2038 1571 2129 jus
1621 2057 1829 2133 aeque
1865 2059 1952 2108 ac
1980 2041 2139 2129 regi
2174 2038 2446 2130 Magno
2474 2038 2612 2109 Er-

602 2135 776 2230 lingi
841 2135 988 2208 filio
1054 2138 1409 2230 competit.
1525 2131 1639 2207 Eo
1704 2131 2010 2231 profecti
2072 2157 2284 2210 unum
2350 2158 2444 2208 ex
2494 2138 2612 2209 his

603 2233 857 2309 ducem
913 2229 1119 2308 vohis
1169 2234 1257 2306 ab
1311 2253 1403 2307 eo
1453 2239 1754 2328 poscite.
1852 2232 2039 2309 Mihi
2089 2236 2413 2331 quidem,
2478 2258 2610 2309 ve-

600 2347 816 2410 stram
899 2329 1414 2408 multitudinem
1485 2334 1868 2429 diligenter
1933 2337 2454 2423 consideranti,
2534 2345 2612 2408 et

598 2437 1215 2522 animadvertenti,
1284 2457 1491 2531 quam
1559 2457 1804 2529 parum
1871 2455 2057 2509 unus
2127 2446 2444 2510 vestrum
2514 2435 2610 2509 ab

598 2537 829 2609 altero
883 2536 1182 2623 differat,
1230 2528 1443 2629 hujus
1476 2535 1807 2608 factionis
1835 2538 2202 2630 imperium
2231 2540 2607 2630 suscipere

597 2640 879 2708 minime
932 2638 1292 2723 convenit3
1344 2656 1499 2706 nam
1530 2637 1902 2727 pervideo,
1956 2646 2210 2730 quanta
2241 2636 2606 2731 iniquitate

594 2758 722 2807 res
771 2744 1016 2807 nostra
1067 2733 1382 2819 laboret,
1433 2737 1738 2806 maxime
1794 2738 1954 2827 ejus
2002 2735 2112 2806 rei
2162 2755 2414 2822 causa,
2467 2758 2608 2829 qua

595 2838 900 2907 maximo
950 2843 1410 2928 utrorumque
1474 2832 1727 2906 damno
1778 2853 2104 2908 caremus
2123 2885 2144 2922 ,
2212 2858 2370 2908 cum
2421 2856 2607 2908 vero

596 2934 829 3007 simile
881 2936 1014 3019 sit,
1066 2936 1137 3002 in
1188 2941 1437 3004 vestro
1492 2936 1823 3007 comitatu
1873 2937 2176 3028 reperiri
2227 2938 2609 3021 neminem,

596 3037 717 3128 qui
768 3032 1179 3126 reipublicae
1230 3031 1798 3105 administrandae
1861 3038 2112 3128 peritia
2164 3045 2427 3107 tantum
2476 3056 2604 3106 va-

595 3133 773 3221 leat,
840 3142 918 3204 ut
965 3132 1263 3224 Erlingo
1315 3133 1637 3227 dynastae
1687 3137 2038 3206 resistere
2087 3138 2336 3229 possit.
2438 3134 2606 3227 Ego

593 3254 813 3320 vero,
879 3235 965 3304 in.
1018 3231 1321 3326 scopulo
1388 3232 1476 3304 ah
1541 3231 1700 3306 aliis
1767 3238 1982 3307 terris
2043 3234 2261 3327 longe
2321 3247 2608 3306 remoto

578 3343 823 3426 natus,
876 3336 995 3427 qui
1048 3353 1290 3403 mores
1327 3332 1627 3404 aliorum
1661 3333 2018 3405 hominum
2053 3355 2296 3427 parum
2330 3354 2605 3427 cogno·-

593 3435 840 3517 verim,
889 3441 1262 3525 antequam
1311 3443 1624 3504 vestram
1670 3436 1740 3503 in
1775 3443 2036 3504 terram
2067 3436 2388 3526 perveni,
2440 3454 2605 3510 eum

594 3532 685 3603 ad
738 3529 1212 3623 excogitanda
1247 3530 1546 3608 consilia
1574 3536 1855 3606 minime
1883 3531 2189 3608 idoneus
2221 3554 2402 3620 sum,
2454 3542 2604 3606 tum

559 3629 814 3704 'multo
864 3633 1095 3702 minus
1147 3630 1440 3704 curandi
1488 3635 1852 3704 exereitus
1885 3642 2006 3706 aut
2035 3632 2445 3726 reipublicae
2474 3631 2602 3707 ad-

592 3731 1064 3804 ministrandae
1114 3735 1420 3824 peritus3
1474 3735 1660 3825 quin,
1711 3730 1883 3804 nulli
1914 3735 2192 3806 omnino
2227 3735 2337 3808 rei
2367 3737 2614 3825 aptum?

595 3830 920 3903 omnibus
970 3830 1374 3904 hominibus
1423 3834 1710 3923 ignotus
1759 3853 1948 3919 sum3
2023 3852 2160 3908 nec
2228 3835 2602 3926 quisquam

591 3951 819 4005 meam
870 3927 1199 4004 familiam
1252 3933 1484 4015 novit,
1551 3937 1756 4024 cujus
1824 3952 2075 4008 omnes
2132 3935 2360 4023 ignari
2407 3939 2605 4015 sunt,

591 4040 1060 4124 praeterquam
1112 4030 1304 4125 quod
1353 4033 1517 4123 ipse
1568 4031 1774 4106 solus
1826 4031 1917 4106 de
1959 4052 2049 4104 ea
2074 4029 2338 4104 resero.
2413 4029 2601 4104 Hinc

593 4131 747 4202 fieri
802 4139 1082 4224 potest,
1147 4138 1226 4201 ut
1285 4127 1453 4204 mihi
1517 4130 1748 4219 idem,
1816 4131 2007 4224 quod
2074 4131 2322 4204 vestro
2372 4131 2598 4224 priori
2719 4141 2726 4146 “
