2950 4709
576 322 763 416 252
1023 347 1390 404 uxorema
1444 346 1669 398 naurs
1721 340 2158 400 arsurumne.
2233 339 2306 406 c,
2333 337 2617 406 14450.

582 531 838 608 crebri
887 534 1233 626 impetuS,
1294 529 1812 625 jaculationeS,
1871 549 2369 625 egressusque
2422 530 2611 602 facti

580 643 766 719 snut,
815 635 936 727 qui
991 634 1331 704 memoria
1384 632 1578 724 digni
1626 630 1858 703 videri
1888 640 2209 725 possent,
2261 630 2397 701 sed
2434 631 2613 701 haec

578 731 864 825 singula
909 735 986 802 in
1036 751 1179 804 uno
1231 729 1415 803 libro
1469 752 1611 802 non
1664 740 1965 825 possunt
2016 733 2293 823 exponi.
2332 809 2335 810 ⁷
2395 730 2609 802 Utri-

579 853 730 928 que.
774 832 1069 912 alterius
1121 830 1401 917 milites,
1454 841 1665 924 prout
1715 833 2003 902 occasio
2058 830 2375 916 dabatur,
2428 852 2606 924 pre-

576 931 852 1012 hensos
902 931 1433 1024 interfecerunt.
1537 929 1965 1023 Complures
1993 928 2606 1015 Birkibeinorum,

578 1035 698 1126 qui
753 1036 823 1108 iu
873 1029 1080 1126 p'agis
1127 1030 1433 1116 fucrant,
1487 1029 1576 1101 ad
1628 1028 1905 1122 Baglos
1957 1033 2422 1116 transierunt,
2473 1030 2605 1101 alii

578 1141 846 1235 sponte
892 1153 1058 1217 sua,
1124 1129 1323 1202 multi
1376 1132 1572 1203 inviti
1623 1129 1918 1223 abrepti.
2015 1129 2218 1203 Hanc
2269 1139 2599 1202 aestatem

577 1221 1034 1323 Bergensem
1084 1225 1551 1322 appellarunt.

864 1327 1097 1425 Baqlz·
1145 1328 1488 1423 oppidum
1538 1326 1839 1424 Ber-911³
1886 1329 2306 1402 incendunt.

785 1428 955 1502 15⁰.
1054 1428 1291 1504 Nocte
1344 1427 1611 1521 vigiliae
1663 1425 2022 1502 Laurentii
2074 1452 2238 1517 res,
2306 1451 2350 1500 a
2402 1429 2596 1521 prin-

581 1527 859 1623 cipibus
909 1526 1299 1622 Buglorum
1358 1532 1501 1622 Jam
1570 1538 1775 1602 antea
1829 1529 2269 1616 denuntiata,
2337 1528 2600 1600 effecta

583 1638 722 1715 est,
773 1628 1255 1715 causantibuS,
1306 1648 1442 1722 per
1468 1649 1651 1722 opes
1690 1639 1764 1699 et
1790 1649 2059 1701 nervos
2109 1628 2594 1721 Bergeusium

579 1739 797 1816 stare,
852 1730 1042 1824 quod
1091 1749 1228 1799 rex
1277 1727 1595 1804 Sverrer
1646 1730 1715 1798 iu
1766 1750 1934 1801 arce
1987 1733 2413 1816 sustineret,
2464 1749 2592 1799 cu-

567 1831 693 1922 jus
743 1828 1026 1900 consilii
1076 1831 1415 1921 princeps
1469 1831 1856 1922 episcopus
1904 1828 2255 1900 Nicolaus
2304 1827 2591 1900 fereba-

575 1938 711 1998 tur.
796 1925 1149 2000 Convenit
1198 1931 1384 2000 inter
1437 1948 1596 2013 eoS,
1647 1937 1726 2000 ut
1776 1932 2162 2021 emporium
2189 1928 2593 2020 Bergarum

427 2107 438 2122 ι
575 2025 1015 2112 aboleretur,
1069 2035 1143 2097 et
1194 2048 1487 2121 usquam
1543 2026 1683 2098 alio
1736 2031 1801 2097 in
1852 2027 2189 2099 Hor-diam
2246 2027 2590 2099 transfer-

577 2133 801 2211 retur,
854 2146 994 2219 quo
1029 2125 1220 2198 facto
1258 2124 1560 2230 intelligi
1613 2148 1859 2218 posse,
1916 2149 2125 2220 quem
2170 2150 2374 2199 usum
2429 2130 2591 2245 regi

575 2222 917 2296 Sverreri
967 2247 1099 2296 arx
1152 2216 1552 2320 praestitura
1604 2225 1810 2298 foret.
1901 2226 2306 2321 Episcopus
2359 2230 2592 2298 omnia

497 2389 507 2398 .,
574 2321 836 2418 templa
888 2348 930 2397 a
958 2323 1398 2399 Birkiheinis
1426 2325 1710 2412 violata,
1766 2325 2266 2423 hominumque
2300 2349 2588 2399 excom-

575 2427 1085 2499 municatorum
1122 2429 1550 2500 commercio
1588 2430 2051 2499 contaminata
2088 2447 2285 2513 esse,
2337 2438 2415 2498 ut
2445 2448 2588 2498 uon

573 2528 803 2619 magis
855 2548 1060 2621 quam
1112 2526 1250 2599 alia
1301 2526 1662 2620 lupanaria
1710 2547 1927 2614 sacra,
1956 2537 2227 2614 esseut,
2279 2536 2588 2599 testatus

577 2635 712 2698 est.
783 2625 938 2697 Hac
987 2630 1224 2720 itaque
1278 2636 1491 2698 nocte
1518 2622 1732 2719 Bagli
1787 2628 1966 2699 duas
2020 2626 2318 2699 celoces
2369 2626 2586 2721 lignis

576 2734 909 2798 oneratas
956 2728 1133 2795 intra
1186 2738 1445 2819 pontes
1496 2728 1717 2797 remis
1766 2725 2268 2821 propulerunt,
2348 2731 2585 2820 ignem

570 2837 716 2896 uno
768 2823 932 2894 loco
986 2826 1193 2895 tectis
1245 2823 1661 2917 quibusdam
1703 2828 1906 2918 juxta
1961 2825 2296 2923 templum
2330 2826 2586 2898 Crucis

572 2922 1073 3017 subjecerunt,
1124 2922 1354 2996 altero
1410 2922 1576 2994 loco
1631 2944 1675 2996 e
1726 2929 2026 3017 regione
2076 2930 2390 3019 pontium
2441 2924 2584 2996 Fo-

570 3023 933 3096 skensium
1003 3025 1094 3095 ad
1165 3024 1367 3095 aedes
1435 3020 1639 3095 Finni
1692 3025 2048 3118 praefecti,
2116 3029 2327 3098 tertio
2393 3026 2583 3120 apud

571 3123 800 3195 aedem
864 3124 1140 3197 Mariae.
1239 3121 1529 3196 Nullum
1600 3125 1688 3196 ab
1752 3126 2121 3219 oppidanis
2189 3126 2581 3197 remedium

570 3225 896 3306 sistendo
947 3225 1276 3296 incendio
1329 3225 1634 3319 profuit,
1704 3244 1941 3318 neque
2010 3246 2135 3296 res
2187 3225 2399 3297 facile
2454 3246 2582 3318 po·

568 3328 700 3395 tuit
782 3325 1296 3408 administrari,
1381 3323 1710 3396 omuibus
1802 3324 2134 3416 pontibus
2206 3326 2582 3397 neti-actis·

568 3422 728 3494 Res
796 3445 837 3494 a
905 3422 1340 3493 Birkibeinis
1407 3443 1549 3492 non
1627 3426 1825 3516 prius
1886 3425 2382 3497 animadversa
2445 3433 2583 3510 est,

571 3542 777 3615 quam
833 3521 1165 3614 oppidum
1218 3522 1520 3612 flagrare
1575 3524 1950 3614 coepisset,
2022 3546 2164 3617 quo
2232 3524 2421 3596 facto
2476 3528 2581 3593 in-

572 3620 1026 3704 tellexerunt,
1080 3618 1270 3690 nulla
1324 3623 1621 3700 ratione,
1649 3624 1968 3692 succurri
2023 3624 2288 3716 oppido
2321 3644 2581 3718 posse;

569 3724 716 3794 arci
784 3729 1016 3792 autem
1088 3729 1527 3805 metuentes,
1594 3742 1685 3789 ue
1751 3724 2348 3808 succenderetur,
2416 3722 2585 3795 vela

572 3820 965 3894 unadefacta
1032 3822 1175 3912 igni
1245 3830 1755 3913 opposuerunt.
1856 3819 2042 3892 Pars
2108 3823 2348 3914 oppidi
2401 3822 2585 3893 infra

570 3920 873 4016 plateam
944 3918 1032 3991 ab
1101 3920 1260 3990 aede
1327 3941 1559 4014 usque
1630 3919 1885 3992 Crucis
1953 3920 2041 3990 ad
2110 3918 2613 4010 Sandhruam„

574 4026 647 4092 et
696 4041 910 4112 supra
946 4018 1242 4112 plateam
1282 4017 1370 4088 ab
1408 4017 1784 4089 Sandhrua
1813 4021 2188 4096 introrsum
2224 4021 2311 4090 ad
2346 4020 2582 4091 aedem

571 4115 851 4191 Nicolai
906 4122 1192 4198 exarsit.
1296 4115 1473 4188 Tum
1529 4139 1732 4190 sacra
1784 4139 2002 4190 cruce
2059 4141 2100 4189 a
2152 4119 2420 4214 templo
2479 4119 2585 4194 lac
