2950 4709
463 1023 695 1113 1110
781 1024 1281 1115 INCIPIT
1366 1014 1994 1119 ffls'ronm
2071 995 2244 1120 'nn

800 1162 971 1248 RE
979 1162 1150 1247 en
1190 1163 1925 1251 sSVERRERE.
2047 1267 2054 1272 ,

861 1480 1038 1556 Rex
1088 1480 1410 1557 Sverrer
1473 1489 1831 1559 nascitur.

341 1651 412 1722 1.
511 1594 686 1722 Eo
737 1659 1062 1745 tempore
1117 1659 1505 1749 episcopus
1554 1656 1827 1741 Roius,
1895 1653 2117 1729 frater
2168 1658 2352 1732 Unae

338 1750 703 1824 Kambarii
755 1752 1206 1849 (carminarii)
1261 1755 1480 1847 vulgo
1536 1758 2000 1844 existimatuS,
2054 1761 2123 1827 in
2157 1763 2350 1830 insu-

341 1850 434 1924 lis
484 1852 762 1924 Faerois
814 1855 1252 1926 versabatur.
1357 1854 1598 1942 Unas,
1645 1865 1993 1952 provecto
2048 1860 2348 1952 imperio

337 1952 656 2040 fratrum,
704 1951 906 2044 Ingii,
958 1952 1253 2047 Sigurdi
1307 1965 1380 2026 et
1428 1955 1818 2047 Eysteinis,
1868 1955 2160 2028 Haraldi
2192 1958 2347 2029 Gil-

338 2051 416 2123 lii
466 2053 789 2137 filiorum,
841 2052 1210 2126 mulierem
1237 2054 1676 2147 Norvegam,
1728 2059 2010 2127 nomine
2050 2057 2346 2136 Gunnil-

341 2153 533 2239 dam,
586 2173 882 2223 uxorem
937 2153 1154 2225 duxit.
1253 2154 1432 2225 Haec
1481 2153 1690 2247 paulo
1742 2165 1907 2247 post
1955 2156 2172 2228 filium
2222 2179 2346 2251 pe-

336 2256 545 2346 perit,
599 2255 720 2347 qui
771 2250 1086 2324 Sverrer
1137 2252 1537 2348 appellatus
1589 2264 1724 2339 est,
1783 2253 2107 2349 Unaeque
2159 2256 2347 2329 filius

338 2353 593 2424 dictus.
696 2350 920 2444 Cujus
969 2357 1176 2446 pueri
1225 2352 1529 2425 futuram
1580 2355 2122 2445 magnitudinem
2174 2359 2344 2427 insi-

334 2455 503 2544 gnia
553 2455 734 2537 visa,
784 2454 855 2520 in
905 2456 1175 2523 somnis
1215 2455 1647 2545 apparentia,
1701 2450 1933 2544 qualia
1968 2475 2094 2523 res
2125 2458 2344 2525 maxi-

332 2555 428 2621 mi
475 2553 813 2622 momenti
862 2550 1022 2621 fere
1073 2551 1512 2645 portendere
1578 2550 1854 2635 solent,
1922 2556 2345 2643 praenuntia-

330 2651 519 2721 bant.
620 2651 863 2721 Mater
915 2653 1072 2743 eJus
1103 2648 1460 2722 Gunnilda
1488 2673 1696 2720 unum
1731 2653 2097 2737 somnium,
2151 2649 2346 2746 quod

330 2760 494 2820 ante
530 2764 690 2821 eum
723 2759 953 2820 natum
984 2751 1285 2835 viderat,
1323 2754 1652 2821 narravit.
1718 2748 1874 2821 Sibi
1905 2772 2161 2846 nempe
2192 2755 2347 2825 visa

332 2861 449 2921 est
492 2852 563 2919 in
593 2849 971 2942 splendido
1003 2852 1301 2944 quodam
1333 2849 1700 2921 coenaculo
1754 2854 2053 2937 versari,
2104 2852 2343 2946 ibique

325 2959 559 3043 partu,
610 2970 820 3043 quem
851 2949 1150 3037 ferebat,
1201 2948 1453 3036 levari,
1499 2948 1776 3035 famula,
1822 2971 1981 3043 quae
2008 2951 2342 3024 infantem
2437 3017 2440 3020 ,

328 3051 403 3123 in
431 3047 663 3119 lucem
694 3049 954 3120 editum
989 3054 1383 3143 exciperet,
1424 3049 1730 3141 genibus
1763 3053 1920 3142 ejus
1949 3051 2341 3122 adsidente.

331 3146 653 3242 Cumque
685 3152 752 3219 ei
779 3149 1009 3219 infans
1039 3153 1109 3219 in
1135 3150 1367 3220 lucem
1389 3150 1625 3219 edi-tus
1643 3150 2034 3234 videretur,
2062 3149 2342 3235 mulier,

327 3270 470 3340 qua
522 3248 853 3319 utebatur
904 3249 1317 3333 obstetrice,
1375 3267 1633 3337 magno
1686 3267 1954 3340 pavore
2010 3246 2344 3339 perculsa

328 3368 490 3418 eam
529 3347 1000 3419 vehementer
1030 3348 1430 3419 exclamare
1459 3349 1692 3440 eoepit,
1748 3346 2033 3417 dicens:
2091 3346 2338 3436 Gunu-

327 3445 471 3518 ilda
505 3447 684 3533 mea,
733 3458 1006 3541 partum
1034 3460 1557 3522 monstruosum
1580 3450 1883 3541 visuque
1902 3447 2338 3520 horrendum

331 3546 640 3619 edidisti.
723 3546 908 3639 Quae
940 3547 1166 3619 verba
1198 3559 1312 3620 ter
1342 3547 1754 3619 exclamans
1787 3550 2091 3641 repetiit.
2158 3547 2338 3620 Cum

327 3667 510 3718 vero
562 3646 887 3719 feminam
927 3648 1078 3720 'tam
1128 3670 1327 3742 saepe
1378 3647 1683 3718 tremula
1731 3668 1915 3718 voce
1966 3647 2156 3718 idem
2210 3669 2333 3719 ex-

327 3745 746 3819 clamantem
797 3749 1146 3835 audisset,
1197 3751 1354 3841 ipsa
1407 3746 1818 3841 explorans,
1873 3746 2099 3840 qualis
2138 3758 2341 3820 esset

325 3857 572 3940 partus
624 3869 667 3917 a
717 3868 804 3919 se
870 3849 1141 3935 edituS,
1209 3848 1735 3933 animadvertit,
1804 3846 2107 3940 lapidem
2163 3868 2336 3920 esse

325 3950 598 4039 ingenti
653 3951 1131 4040 magnitudine
1186 3951 1545 4041 niveoque
1600 3946 1874 4033 colore,
1933 3949 2136 4038 cujus
2188 3958 2337 4018 tan-

326 4054 443 4116 tus
517 4056 672 4118 erat
737 4047 1013 4141 fulgor,
1084 4060 1163 4118 ut
1224 4052 1296 4118 in
1366 4068 1618 4117 omnes
1684 4056 1928 4140 partes
1991 4045 2336 4117 scintillas

324 4137 729 4241 spargeret,
781 4148 1003 4220 veluti
1046 4146 1369 4220 candens
1389 4145 1681 4234 ferrum,
1736 4144 1929 4240 quod
1956 4147 2029 4214 in
2063 4146 2335 4213 camino
