<?xml version="1.0" encoding="UTF-8"?>
<!DOCTYPE html PUBLIC "-//W3C//DTD XHTML 1.0 Transitional//EN"
    "http://www.w3.org/TR/xhtml1/DTD/xhtml1-transitional.dtd">
<html xmlns="http://www.w3.org/1999/xhtml" xml:lang="en" lang="en">
 <head>
  <title>
</title>
<meta http-equiv="Content-Type" content="text/html;charset=utf-8" />
  <meta name='ocr-system' content='tesseract 3.04.00' />
  <meta name='ocr-capabilities' content='ocr_page ocr_carea ocr_par ocr_line ocrx_word'/>
</head>
<body>
  <div class='ocr_page' id='page_1' title='image "./scriptahistoric01unkngoog_0306.png"; bbox 0 0 2950 4709; ppageno 0'>
   <div class='ocr_carea' id='block_1_1' title="bbox 625 378 2659 476">
    <p class='ocr_par' dir='ltr' id='par_1_1' title="bbox 625 378 2659 476">
     <span class='ocr_line' id='line_1_1' title="bbox 625 378 2659 476; baseline 0 -23"><span class='ocrx_word' id='word_1_1' title='bbox 625 378 806 469; x_wconf 72' lang='lat'><strong>288</strong></span> <span class='ocrx_word' id='word_1_2' title='bbox 1058 404 1421 476; x_wconf 65' lang='lat' dir='ltr'><strong>msa-onia</strong></span> <span class='ocrx_word' id='word_1_3' title='bbox 1473 404 1702 466; x_wconf 64' lang='lat' dir='ltr'><strong>nnete</strong></span> <span class='ocrx_word' id='word_1_4' title='bbox 1762 405 2200 457; x_wconf 66' lang='lat' dir='ltr'><strong>avr-:nanum</strong></span> <span class='ocrx_word' id='word_1_5' title='bbox 2285 390 2659 469; x_wconf 44' lang='grc' dir='ltr'><strong>(χιδιιξῑεςιὁ</strong></span> 
     </span>
    </p>
   </div>
   <div class='ocr_carea' id='block_1_2' title="bbox 619 587 2739 4285">
    <p class='ocr_par' dir='ltr' id='par_1_2' title="bbox 629 587 2739 1084">
     <span class='ocr_line' id='line_1_2' title="bbox 632 587 2651 684; baseline 0.002 -23"><span class='ocrx_word' id='word_1_6' title='bbox 632 590 1052 684; x_wconf 84' lang='lat' dir='ltr'><strong>plerumque</strong></span> <span class='ocrx_word' id='word_1_7' title='bbox 1135 588 1569 680; x_wconf 82' lang='lat' dir='ltr'><strong>effugerent3</strong></span> <span class='ocrx_word' id='word_1_8' title='bbox 1665 591 1867 681; x_wconf 83' lang='lat' dir='ltr'><strong>cujus</strong></span> <span class='ocrx_word' id='word_1_9' title='bbox 1949 587 2417 664; x_wconf 79' lang='lat' dir='ltr'><strong>multitudinis</strong></span> <span class='ocrx_word' id='word_1_10' title='bbox 2505 596 2651 666; x_wconf 82' lang='lat' dir='ltr'><strong>etsi</strong></span> 
     </span>
     <span class='ocr_line' id='line_1_3' title="bbox 632 687 2661 790; baseline 0.003 -31"><span class='ocrx_word' id='word_1_11' title='bbox 632 693 931 760; x_wconf 83' lang='lat' dir='ltr'><strong>maxima</strong></span> <span class='ocrx_word' id='word_1_12' title='bbox 984 710 1151 783; x_wconf 82' lang='lat' dir='ltr'><strong>pars</strong></span> <span class='ocrx_word' id='word_1_13' title='bbox 1202 687 1373 782; x_wconf 82' lang='lat' dir='ltr'><strong>fuga</strong></span> <span class='ocrx_word' id='word_1_14' title='bbox 1424 687 1808 790; x_wconf 83' lang='lat' dir='ltr'><strong>evaderet,</strong></span> <span class='ocrx_word' id='word_1_15' title='bbox 1874 699 2111 760; x_wconf 87' lang='lat' dir='ltr'><strong>tamen</strong></span> <span class='ocrx_word' id='word_1_16' title='bbox 2161 699 2269 762; x_wconf 84' lang='lat' dir='ltr'><strong>tot</strong></span> <span class='ocrx_word' id='word_1_17' title='bbox 2318 692 2661 765; x_wconf 77' lang='lat' dir='ltr'><strong>homines</strong></span> 
     </span>
     <span class='ocr_line' id='line_1_4' title="bbox 629 787 2651 873; baseline 0.002 -13"><span class='ocrx_word' id='word_1_18' title='bbox 629 790 1070 873; x_wconf 84' lang='lat' dir='ltr'><strong>ceciderunt,</strong></span> <span class='ocrx_word' id='word_1_19' title='bbox 1120 799 1198 861; x_wconf 89' lang='lat' dir='ltr'><strong>ut</strong></span> <span class='ocrx_word' id='word_1_20' title='bbox 1249 809 1587 861; x_wconf 84' lang='lat' dir='ltr'><strong>numerus</strong></span> <span class='ocrx_word' id='word_1_21' title='bbox 1638 787 2173 861; x_wconf 84' lang='lat' dir='ltr'><strong>interfectorum</strong></span> <span class='ocrx_word' id='word_1_22' title='bbox 2208 790 2399 864; x_wconf 73' lang='lat' dir='ltr'><strong>haud</strong></span> <span class='ocrx_word' id='word_1_23' title='bbox 2430 793 2651 864; x_wconf 81' lang='lat' dir='ltr'><strong>facile</strong></span> 
     </span>
     <span class='ocr_line' id='line_1_5' title="bbox 630 889 2739 989; baseline 0.002 -28"><span class='ocrx_word' id='word_1_24' title='bbox 630 891 786 961; x_wconf 80' lang='lat' dir='ltr'><strong>iniri</strong></span> <span class='ocrx_word' id='word_1_25' title='bbox 836 899 1117 982; x_wconf 83' lang='lat' dir='ltr'><strong>posset,</strong></span> <span class='ocrx_word' id='word_1_26' title='bbox 1169 889 1384 961; x_wconf 85' lang='lat' dir='ltr'><strong>multa</strong></span> <span class='ocrx_word' id='word_1_27' title='bbox 1439 892 1622 959; x_wconf 86' lang='lat' dir='ltr'><strong>enim</strong></span> <span class='ocrx_word' id='word_1_28' title='bbox 1677 907 1981 983; x_wconf 85' lang='lat' dir='ltr'><strong>corpora</strong></span> <span class='ocrx_word' id='word_1_29' title='bbox 2020 912 2165 961; x_wconf 89' lang='lat' dir='ltr'><strong>non</strong></span> <span class='ocrx_word' id='word_1_30' title='bbox 2198 894 2400 984; x_wconf 85' lang='lat' dir='ltr'><strong>prius</strong></span> <span class='ocrx_word' id='word_1_31' title='bbox 2433 913 2649 989; x_wconf 83' lang='lat' dir='ltr'><strong>qnam</strong></span> <span class='ocrx_word' id='word_1_32' title='bbox 2716 943 2739 953; x_wconf 78' lang='lat'><em>-</em></span> 
     </span>
     <span class='ocr_line' id='line_1_6' title="bbox 632 991 1764 1084; baseline 0 -24"><span class='ocrx_word' id='word_1_33' title='bbox 632 991 958 1084; x_wconf 81' lang='lat' dir='ltr'><strong>proximo</strong></span> <span class='ocrx_word' id='word_1_34' title='bbox 1012 1009 1190 1061; x_wconf 82' lang='lat' dir='ltr'><strong>vere</strong></span> <span class='ocrx_word' id='word_1_35' title='bbox 1242 993 1526 1061; x_wconf 79' lang='lat' dir='ltr'><strong>inventa</strong></span> <span class='ocrx_word' id='word_1_36' title='bbox 1580 997 1764 1061; x_wconf 84' lang='lat' dir='ltr'><strong>sunt.</strong></span> 
     </span>
    </p>

    <p class='ocr_par' dir='ltr' id='par_1_3' title="bbox 790 1083 2490 1185">
     <span class='ocr_line' id='line_1_7' title="bbox 790 1083 2490 1185; baseline 0.001 -25"><span class='ocrx_word' id='word_1_37' title='bbox 790 1089 1047 1160; x_wconf 80' lang='lat' dir='ltr'><strong>Coloni</strong></span> <span class='ocrx_word' id='word_1_38' title='bbox 1096 1114 1146 1161; x_wconf 85' lang='lat' dir='ltr'><strong>a</strong></span> <span class='ocrx_word' id='word_1_39' title='bbox 1194 1109 1372 1185; x_wconf 69' lang='lat' dir='ltr'><strong>reqe</strong></span> <span class='ocrx_word' id='word_1_40' title='bbox 1420 1087 1782 1161; x_wconf 62' lang='lat' dir='ltr'><strong>Semere</strong></span> <span class='ocrx_word' id='word_1_41' title='bbox 1816 1083 2087 1183; x_wconf 75' lang='lat' dir='ltr'><strong>prcelio</strong></span> <span class='ocrx_word' id='word_1_42' title='bbox 2134 1087 2490 1185; x_wconf 62' lang='lat' dir='ltr'><strong>mpertdz‘.</strong></span> 
     </span>
    </p>

    <p class='ocr_par' dir='ltr' id='par_1_4' title="bbox 619 1185 2657 4285">
     <span class='ocr_line' id='line_1_8' title="bbox 834 1185 2645 1275; baseline 0.003 -17"><span class='ocrx_word' id='word_1_43' title='bbox 834 1189 1000 1260; x_wconf 78' lang='lat'><strong>165.</strong></span> <span class='ocrx_word' id='word_1_44' title='bbox 1101 1189 1268 1260; x_wconf 84' lang='lat' dir='ltr'><strong>Rex</strong></span> <span class='ocrx_word' id='word_1_45' title='bbox 1319 1185 1667 1275; x_wconf 84' lang='lat' dir='ltr'><strong>Sverrer,</strong></span> <span class='ocrx_word' id='word_1_46' title='bbox 1741 1192 2084 1260; x_wconf 86' lang='lat' dir='ltr'><strong>universo</strong></span> <span class='ocrx_word' id='word_1_47' title='bbox 2158 1193 2483 1262; x_wconf 85' lang='lat' dir='ltr'><strong>exercitu</strong></span> <span class='ocrx_word' id='word_1_48' title='bbox 2548 1188 2645 1263; x_wconf 85' lang='lat' dir='ltr'><strong>ad</strong></span> 
     </span>
     <span class='ocr_line' id='line_1_9' title="bbox 629 1287 2647 1383; baseline -0.001 -18"><span class='ocrx_word' id='word_1_49' title='bbox 629 1288 1188 1365; x_wconf 82' lang='lat' dir='ltr'><strong>Mortostokkos</strong></span> <span class='ocrx_word' id='word_1_50' title='bbox 1239 1287 1408 1359; x_wconf 82' lang='lat' dir='ltr'><strong>tuba</strong></span> <span class='ocrx_word' id='word_1_51' title='bbox 1460 1299 1890 1375; x_wconf 81' lang='lat' dir='ltr'><strong>convocato,</strong></span> <span class='ocrx_word' id='word_1_52' title='bbox 1958 1309 2117 1360; x_wconf 85' lang='lat' dir='ltr'><strong>cum</strong></span> <span class='ocrx_word' id='word_1_53' title='bbox 2167 1293 2328 1383; x_wconf 83' lang='lat' dir='ltr'><strong>ipse</strong></span> <span class='ocrx_word' id='word_1_54' title='bbox 2381 1292 2647 1363; x_wconf 83' lang='lat' dir='ltr'><strong>eodem</strong></span> 
     </span>
     <span class='ocr_line' id='line_1_10' title="bbox 630 1383 2649 1483; baseline -0.001 -17"><span class='ocrx_word' id='word_1_55' title='bbox 630 1397 979 1476; x_wconf 80' lang='lat' dir='ltr'><strong>venisset,</strong></span> <span class='ocrx_word' id='word_1_56' title='bbox 1028 1388 1215 1461; x_wconf 85' lang='lat' dir='ltr'><strong>hunc</strong></span> <span class='ocrx_word' id='word_1_57' title='bbox 1245 1392 1316 1459; x_wconf 87' lang='lat' dir='ltr'><strong>in</strong></span> <span class='ocrx_word' id='word_1_58' title='bbox 1348 1386 1632 1469; x_wconf 85' lang='lat' dir='ltr'><strong>modum</strong></span> <span class='ocrx_word' id='word_1_59' title='bbox 1681 1388 1908 1461; x_wconf 86' lang='lat' dir='ltr'><strong>verba</strong></span> <span class='ocrx_word' id='word_1_60' title='bbox 1956 1383 2159 1461; x_wconf 72' lang='lat' dir='ltr'><strong>fecitx</strong></span> <span class='ocrx_word' id='word_1_61' title='bbox 2202 1393 2347 1483; x_wconf 86' lang='lat' dir='ltr'><strong>jam</strong></span> <span class='ocrx_word' id='word_1_62' title='bbox 2386 1402 2649 1464; x_wconf 85' lang='lat' dir='ltr'><strong>omnes</strong></span> 
     </span>
     <span class='ocr_line' id='line_1_11' title="bbox 630 1486 2643 1585; baseline 0 -22"><span class='ocrx_word' id='word_1_63' title='bbox 630 1492 949 1565; x_wconf 80' lang='lat' dir='ltr'><strong>residant</strong></span> <span class='ocrx_word' id='word_1_64' title='bbox 996 1509 1083 1561; x_wconf 88' lang='lat' dir='ltr'><strong>ac</strong></span> <span class='ocrx_word' id='word_1_65' title='bbox 1129 1492 1615 1585; x_wconf 80' lang='lat' dir='ltr'><strong>requiescant3</strong></span> <span class='ocrx_word' id='word_1_66' title='bbox 1667 1487 1965 1560; x_wconf 88' lang='lat' dir='ltr'><strong>calones</strong></span> <span class='ocrx_word' id='word_1_67' title='bbox 2005 1490 2077 1559; x_wconf 85' lang='lat' dir='ltr'><strong>in</strong></span> <span class='ocrx_word' id='word_1_68' title='bbox 2106 1486 2441 1583; x_wconf 84' lang='lat' dir='ltr'><strong>oppidum</strong></span> <span class='ocrx_word' id='word_1_69' title='bbox 2470 1514 2643 1585; x_wconf 83' lang='lat' dir='ltr'><strong>pro-</strong></span> 
     </span>
     <span class='ocr_line' id='line_1_12' title="bbox 629 1589 2642 1684; baseline -0 -20"><span class='ocrx_word' id='word_1_70' title='bbox 629 1593 800 1666; x_wconf 84' lang='lat' dir='ltr'><strong>fecti</strong></span> <span class='ocrx_word' id='word_1_71' title='bbox 868 1590 1097 1665; x_wconf 80' lang='lat' dir='ltr'><strong>cibum</strong></span> <span class='ocrx_word' id='word_1_72' title='bbox 1123 1633 1132 1640; x_wconf 87' lang='lat'><em>-</em></span> <span class='ocrx_word' id='word_1_73' title='bbox 1163 1611 1250 1662; x_wconf 81' lang='lat' dir='ltr'><strong>ac</strong></span> <span class='ocrx_word' id='word_1_74' title='bbox 1363 1600 1558 1662; x_wconf 88' lang='lat' dir='ltr'><strong>otum</strong></span> <span class='ocrx_word' id='word_1_75' title='bbox 1622 1599 2014 1684; x_wconf 81' lang='lat' dir='ltr'><strong>arcessant.</strong></span> <span class='ocrx_word' id='word_1_76' title='bbox 2144 1589 2274 1661; x_wconf 87' lang='lat' dir='ltr'><strong>Sic</strong></span> <span class='ocrx_word' id='word_1_77' title='bbox 2339 1590 2642 1680; x_wconf 76' lang='lat' dir='ltr'><strong>factum3</strong></span> 
     </span>
     <span class='ocr_line' id='line_1_13' title="bbox 627 1686 2657 1782; baseline 0 -19"><span class='ocrx_word' id='word_1_78' title='bbox 627 1695 907 1766; x_wconf 85' lang='lat' dir='ltr'><strong>interea</strong></span> <span class='ocrx_word' id='word_1_79' title='bbox 958 1686 1158 1763; x_wconf 88' lang='lat' dir='ltr'><strong>multi</strong></span> <span class='ocrx_word' id='word_1_80' title='bbox 1216 1711 1310 1765; x_wconf 78' lang='lat' dir='ltr'><strong>,vu</strong></span> <span class='ocrx_word' id='word_1_81' title='bbox 1344 1711 1515 1762; x_wconf 88' lang='lat' dir='ltr'><strong>nera</strong></span> <span class='ocrx_word' id='word_1_82' title='bbox 1549 1712 1680 1762; x_wconf 87' lang='lat' dir='ltr'><strong>sua</strong></span> <span class='ocrx_word' id='word_1_83' title='bbox 1714 1688 2137 1782; x_wconf 83' lang='lat' dir='ltr'><strong>obligarunt.</strong></span> <span class='ocrx_word' id='word_1_84' title='bbox 2234 1686 2413 1762; x_wconf 76' lang='lat' dir='ltr'><strong>Erat</strong></span> <span class='ocrx_word' id='word_1_85' title='bbox 2460 1690 2657 1764; x_wconf 82' lang='lat' dir='ltr'><strong>hora‘</strong></span> 
     </span>
     <span class='ocr_line' id='line_1_14' title="bbox 632 1784 2649 1885; baseline 0 -20"><span class='ocrx_word' id='word_1_86' title='bbox 632 1793 775 1865; x_wconf 88' lang='lat' dir='ltr'><strong>diei</strong></span> <span class='ocrx_word' id='word_1_87' title='bbox 809 1795 1099 1865; x_wconf 76' lang='lat' dir='ltr'><strong>circiter</strong></span> <span class='ocrx_word' id='word_1_88' title='bbox 1130 1794 1336 1863; x_wconf 86' lang='lat' dir='ltr'><strong>tertia</strong></span> <span class='ocrx_word' id='word_1_89' title='bbox 1376 1799 1544 1883; x_wconf 86' lang='lat' dir='ltr'><strong>post</strong></span> <span class='ocrx_word' id='word_1_90' title='bbox 1580 1787 1980 1860; x_wconf 77' lang='lat' dir='ltr'><strong>meridiem.</strong></span> <span class='ocrx_word' id='word_1_91' title='bbox 2058 1784 2239 1861; x_wconf 82' lang='lat' dir='ltr'><strong>Tum</strong></span> <span class='ocrx_word' id='word_1_92' title='bbox 2268 1794 2343 1860; x_wconf 88' lang='lat' dir='ltr'><strong>in</strong></span> <span class='ocrx_word' id='word_1_93' title='bbox 2370 1812 2649 1885; x_wconf 79' lang='lat' dir='ltr'><strong>pascua</strong></span> 
     </span>
     <span class='ocr_line' id='line_1_15' title="bbox 628 1887 2645 1985; baseline -0 -21"><span class='ocrx_word' id='word_1_94' title='bbox 628 1893 989 1964; x_wconf 85' lang='lat' dir='ltr'><strong>Akrensia</strong></span> <span class='ocrx_word' id='word_1_95' title='bbox 1044 1893 1605 1985; x_wconf 82' lang='lat' dir='ltr'><strong>prospicienteS‚</strong></span> <span class='ocrx_word' id='word_1_96' title='bbox 1673 1887 2272 1976; x_wconf 84' lang='lat' dir='ltr'><strong>animadvertunt,</strong></span> <span class='ocrx_word' id='word_1_97' title='bbox 2325 1911 2418 1962; x_wconf 88' lang='lat' dir='ltr'><strong>eo</strong></span> <span class='ocrx_word' id='word_1_98' title='bbox 2470 1890 2645 1964; x_wconf 74' lang='lat' dir='ltr'><strong>loeo</strong></span> 
     </span>
     <span class='ocr_line' id='line_1_16' title="bbox 627 1987 2645 2085; baseline 0 -22"><span class='ocrx_word' id='word_1_99' title='bbox 627 2013 947 2085; x_wconf 83' lang='lat' dir='ltr'><strong>magnam</strong></span> <span class='ocrx_word' id='word_1_100' title='bbox 987 1992 1375 2061; x_wconf 87' lang='lat' dir='ltr'><strong>convenire</strong></span> <span class='ocrx_word' id='word_1_101' title='bbox 1401 1987 1916 2061; x_wconf 80' lang='lat' dir='ltr'><strong>multitudinem</strong></span> <span class='ocrx_word' id='word_1_102' title='bbox 1972 2010 2064 2060; x_wconf 83' lang='lat' dir='ltr'><strong>ex</strong></span> <span class='ocrx_word' id='word_1_103' title='bbox 2118 1989 2447 2062; x_wconf 86' lang='lat' dir='ltr'><strong>omnibus</strong></span> <span class='ocrx_word' id='word_1_104' title='bbox 2479 2014 2645 2085; x_wconf 80' lang='lat' dir='ltr'><strong>par-</strong></span> 
     </span>
     <span class='ocr_line' id='line_1_17' title="bbox 629 2086 2642 2183; baseline 0 -20"><span class='ocrx_word' id='word_1_105' title='bbox 629 2092 822 2163; x_wconf 86' lang='lat' dir='ltr'><strong>tibus</strong></span> <span class='ocrx_word' id='word_1_106' title='bbox 872 2086 1382 2177; x_wconf 84' lang='lat' dir='ltr'><strong>confluentem3</strong></span> <span class='ocrx_word' id='word_1_107' title='bbox 1442 2111 1603 2183; x_wconf 84' lang='lat' dir='ltr'><strong>quae</strong></span> <span class='ocrx_word' id='word_1_108' title='bbox 1655 2089 2027 2161; x_wconf 88' lang='lat' dir='ltr'><strong>multitudo</strong></span> <span class='ocrx_word' id='word_1_109' title='bbox 2082 2093 2290 2160; x_wconf 84' lang='lat' dir='ltr'><strong>etiam</strong></span> <span class='ocrx_word' id='word_1_110' title='bbox 2340 2090 2642 2164; x_wconf 81' lang='lat' dir='ltr'><strong>colono·-</strong></span> 
     </span>
     <span class='ocr_line' id='line_1_18' title="bbox 626 2185 2641 2285; baseline 0 -23"><span class='ocrx_word' id='word_1_111' title='bbox 626 2211 780 2263; x_wconf 89' lang='lat' dir='ltr'><strong>rum</strong></span> <span class='ocrx_word' id='word_1_112' title='bbox 837 2199 1008 2262; x_wconf 84' lang='lat' dir='ltr'><strong>erat.</strong></span> <span class='ocrx_word' id='word_1_113' title='bbox 1074 2189 1417 2260; x_wconf 86' lang='lat' dir='ltr'><strong>Nimirum</strong></span> <span class='ocrx_word' id='word_1_114' title='bbox 1471 2187 1712 2261; x_wconf 90' lang='lat' dir='ltr'><strong>coloni</strong></span> <span class='ocrx_word' id='word_1_115' title='bbox 1761 2192 1832 2258; x_wconf 90' lang='lat' dir='ltr'><strong>in</strong></span> <span class='ocrx_word' id='word_1_116' title='bbox 1885 2185 2211 2260; x_wconf 77' lang='lat' dir='ltr'><strong>orientali</strong></span> <span class='ocrx_word' id='word_1_117' title='bbox 2261 2200 2464 2285; x_wconf 85' lang='lat' dir='ltr'><strong>parte</strong></span> <span class='ocrx_word' id='word_1_118' title='bbox 2515 2213 2641 2285; x_wconf 82' lang='lat' dir='ltr'><strong>pa·</strong></span> 
     </span>
     <span class='ocr_line' id='line_1_19' title="bbox 628 2288 2655 2383; baseline -0.001 -20"><span class='ocrx_word' id='word_1_119' title='bbox 628 2311 972 2364; x_wconf 86' lang='lat' dir='ltr'><strong>scuorum</strong></span> <span class='ocrx_word' id='word_1_120' title='bbox 1029 2288 1465 2361; x_wconf 86' lang='lat' dir='ltr'><strong>Akrensium</strong></span> <span class='ocrx_word' id='word_1_121' title='bbox 1534 2310 1760 2383; x_wconf 82' lang='lat' dir='ltr'><strong>prope</strong></span> <span class='ocrx_word' id='word_1_122' title='bbox 1823 2288 2128 2382; x_wconf 82' lang='lat' dir='ltr'><strong>glaciem</strong></span> <span class='ocrx_word' id='word_1_123' title='bbox 2191 2296 2655 2383; x_wconf 69' lang='lat' dir='ltr'><strong>congregati,</strong></span> 
     </span>
     <span class='ocr_line' id='line_1_20' title="bbox 631 2383 2641 2484; baseline 0 -22"><span class='ocrx_word' id='word_1_124' title='bbox 631 2413 724 2463; x_wconf 85' lang='lat' dir='ltr'><strong>eo</strong></span> <span class='ocrx_word' id='word_1_125' title='bbox 793 2391 959 2463; x_wconf 93' lang='lat' dir='ltr'><strong>loco</strong></span> <span class='ocrx_word' id='word_1_126' title='bbox 1027 2383 1328 2461; x_wconf 83' lang='lat' dir='ltr'><strong>consilia</strong></span> <span class='ocrx_word' id='word_1_127' title='bbox 1376 2393 1563 2460; x_wconf 87' lang='lat' dir='ltr'><strong>inter</strong></span> <span class='ocrx_word' id='word_1_128' title='bbox 1623 2410 1709 2460; x_wconf 92' lang='lat' dir='ltr'><strong>se</strong></span> <span class='ocrx_word' id='word_1_129' title='bbox 1763 2385 2267 2476; x_wconf 85' lang='lat' dir='ltr'><strong>conferebant,</strong></span> <span class='ocrx_word' id='word_1_130' title='bbox 2336 2410 2641 2484; x_wconf 83' lang='lat' dir='ltr'><strong>quornm</strong></span> 
     </span>
     <span class='ocr_line' id='line_1_21' title="bbox 626 2487 2641 2585; baseline 0 -22"><span class='ocrx_word' id='word_1_131' title='bbox 626 2492 745 2563; x_wconf 81' lang='lat' dir='ltr'><strong>alii</strong></span> <span class='ocrx_word' id='word_1_132' title='bbox 817 2492 1099 2563; x_wconf 87' lang='lat' dir='ltr'><strong>domum</strong></span> <span class='ocrx_word' id='word_1_133' title='bbox 1169 2492 1438 2561; x_wconf 87' lang='lat' dir='ltr'><strong>reverti</strong></span> <span class='ocrx_word' id='word_1_134' title='bbox 1503 2487 1926 2576; x_wconf 83' lang='lat' dir='ltr'><strong>volucrunt,</strong></span> <span class='ocrx_word' id='word_1_135' title='bbox 1971 2488 2109 2562; x_wconf 74' lang='lat' dir='ltr'><strong>,illi</strong></span> <span class='ocrx_word' id='word_1_136' title='bbox 2168 2498 2403 2562; x_wconf 86' lang='lat' dir='ltr'><strong>autem</strong></span> <span class='ocrx_word' id='word_1_137' title='bbox 2423 2543 2445 2577; x_wconf 89' lang='lat'>‚</span> <span class='ocrx_word' id='word_1_138' title='bbox 2515 2493 2641 2585; x_wconf 87' lang='lat' dir='ltr'><strong>qui</strong></span> 
     </span>
     <span class='ocr_line' id='line_1_22' title="bbox 625 2589 2643 2684; baseline 0 -22"><span class='ocrx_word' id='word_1_139' title='bbox 625 2594 698 2662; x_wconf 87' lang='lat' dir='ltr'><strong>in</strong></span> <span class='ocrx_word' id='word_1_140' title='bbox 765 2614 898 2664; x_wconf 82' lang='lat' dir='ltr'><strong>sua</strong></span> <span class='ocrx_word' id='word_1_141' title='bbox 965 2593 1320 2662; x_wconf 86' lang='lat' dir='ltr'><strong>sententia</strong></span> <span class='ocrx_word' id='word_1_142' title='bbox 1347 2644 1359 2654; x_wconf 90' lang='lat'><strong>.</strong></span> <span class='ocrx_word' id='word_1_143' title='bbox 1384 2591 1929 2683; x_wconf 80' lang='lat' dir='ltr'><strong>pertinacissimi</strong></span> <span class='ocrx_word' id='word_1_144' title='bbox 1997 2591 2237 2677; x_wconf 80' lang='lat' dir='ltr'><strong>erant,</strong></span> <span class='ocrx_word' id='word_1_145' title='bbox 2310 2589 2643 2684; x_wconf 67' lang='lat' dir='ltr'><strong>praelium</strong></span> 
     </span>
     <span class='ocr_line' id='line_1_23' title="bbox 626 2687 2641 2777; baseline 0 -15"><span class='ocrx_word' id='word_1_146' title='bbox 626 2691 861 2762; x_wconf 83' lang='lat' dir='ltr'><strong>adhuc</strong></span> <span class='ocrx_word' id='word_1_147' title='bbox 907 2689 1313 2761; x_wconf 87' lang='lat' dir='ltr'><strong>tentandum</strong></span> <span class='ocrx_word' id='word_1_148' title='bbox 1365 2689 1790 2777; x_wconf 80' lang='lat' dir='ltr'><strong>censebant,</strong></span> <span class='ocrx_word' id='word_1_149' title='bbox 1854 2689 2215 2777; x_wconf 86' lang='lat' dir='ltr'><strong>dicentes,</strong></span> <span class='ocrx_word' id='word_1_150' title='bbox 2280 2687 2641 2763; x_wconf 77' lang='lat' dir='ltr'><strong>Birkibci-</strong></span> 
     </span>
     <span class='ocr_line' id='line_1_24' title="bbox 623 2787 2639 2883; baseline 0.002 -24"><span class='ocrx_word' id='word_1_151' title='bbox 623 2811 800 2875; x_wconf 89' lang='lat' dir='ltr'><strong>nos,</strong></span> <span class='ocrx_word' id='word_1_152' title='bbox 888 2788 1308 2860; x_wconf 84' lang='lat' dir='ltr'><strong>vulneribus</strong></span> <span class='ocrx_word' id='word_1_153' title='bbox 1391 2793 1682 2860; x_wconf 83' lang='lat' dir='ltr'><strong>saucios</strong></span> <span class='ocrx_word' id='word_1_154' title='bbox 1760 2787 2284 2883; x_wconf 84' lang='lat' dir='ltr'><strong>pugnandoque</strong></span> <span class='ocrx_word' id='word_1_155' title='bbox 2360 2789 2639 2879; x_wconf 75' lang='lat' dir='ltr'><strong>fessoS,</strong></span> 
     </span>
     <span class='ocr_line' id='line_1_25' title="bbox 625 2883 2639 2981; baseline 0.001 -21"><span class='ocrx_word' id='word_1_156' title='bbox 625 2885 1110 2981; x_wconf 77' lang='lat' dir='ltr'><strong>compluribus</strong></span> <span class='ocrx_word' id='word_1_157' title='bbox 1164 2884 1584 2974; x_wconf 83' lang='lat' dir='ltr'><strong>interfectis,</strong></span> <span class='ocrx_word' id='word_1_158' title='bbox 1635 2883 1825 2960; x_wconf 88' lang='lat' dir='ltr'><strong>haud</strong></span> <span class='ocrx_word' id='word_1_159' title='bbox 1876 2884 2091 2962; x_wconf 83' lang='lat' dir='ltr'><strong>dubie</strong></span> <span class='ocrx_word' id='word_1_160' title='bbox 2134 2890 2278 2981; x_wconf 84' lang='lat' dir='ltr'><strong>jam</strong></span> <span class='ocrx_word' id='word_1_161' title='bbox 2331 2894 2639 2963; x_wconf 73' lang='lat' dir='ltr'><strong>anirnum</strong></span> 
     </span>
     <span class='ocr_line' id='line_1_26' title="bbox 627 2986 2641 3083; baseline 0.001 -23"><span class='ocrx_word' id='word_1_162' title='bbox 627 2998 703 3060; x_wconf 87' lang='lat' dir='ltr'><strong>et</strong></span> <span class='ocrx_word' id='word_1_163' title='bbox 766 2987 1198 3059; x_wconf 83' lang='lat' dir='ltr'><strong>alacritatem</strong></span> <span class='ocrx_word' id='word_1_164' title='bbox 1279 2986 1673 3081; x_wconf 79' lang='lat' dir='ltr'><strong>abjecisse:</strong></span> <span class='ocrx_word' id='word_1_165' title='bbox 1757 2999 1901 3060; x_wconf 35' lang='lat' dir='ltr'><strong>aut*</strong></span> <span class='ocrx_word' id='word_1_166' title='bbox 1944 3010 2167 3083; x_wconf 86' lang='lat' dir='ltr'><strong>quare</strong></span> <span class='ocrx_word' id='word_1_167' title='bbox 2235 2992 2498 3062; x_wconf 88' lang='lat' dir='ltr'><strong>nemini</strong></span> <span class='ocrx_word' id='word_1_168' title='bbox 2563 2995 2641 3062; x_wconf 88' lang='lat' dir='ltr'><strong>in</strong></span> 
     </span>
     <span class='ocr_line' id='line_1_27' title="bbox 624 3089 2640 3181; baseline 0.001 -22"><span class='ocrx_word' id='word_1_169' title='bbox 624 3098 933 3161; x_wconf 82' lang='lat' dir='ltr'><strong>mentem</strong></span> <span class='ocrx_word' id='word_1_170' title='bbox 986 3091 1218 3176; x_wconf 88' lang='lat' dir='ltr'><strong>venit,</strong></span> <span class='ocrx_word' id='word_1_171' title='bbox 1269 3098 1350 3162; x_wconf 86' lang='lat' dir='ltr'><strong>ut</strong></span> <span class='ocrx_word' id='word_1_172' title='bbox 1395 3106 1647 3181; x_wconf 85' lang='lat' dir='ltr'><strong>regem</strong></span> <span class='ocrx_word' id='word_1_173' title='bbox 1697 3089 2157 3177; x_wconf 84' lang='lat' dir='ltr'><strong>interficeret,</strong></span> <span class='ocrx_word' id='word_1_174' title='bbox 2208 3093 2368 3162; x_wconf 83' lang='lat' dir='ltr'><strong>cum</strong></span> <span class='ocrx_word' id='word_1_175' title='bbox 2421 3105 2510 3162; x_wconf 87' lang='lat' dir='ltr'><strong>se</strong></span> <span class='ocrx_word' id='word_1_176' title='bbox 2559 3095 2640 3163; x_wconf 88' lang='lat' dir='ltr'><strong>in</strong></span> 
     </span>
     <span class='ocr_line' id='line_1_28' title="bbox 624 3188 2639 3285; baseline 0.001 -24"><span class='ocrx_word' id='word_1_177' title='bbox 624 3210 876 3262; x_wconf 84' lang='lat' dir='ltr'><strong>manns</strong></span> <span class='ocrx_word' id='word_1_178' title='bbox 924 3199 1211 3261; x_wconf 84' lang='lat' dir='ltr'><strong>nostras</strong></span> <span class='ocrx_word' id='word_1_179' title='bbox 1263 3210 1452 3284; x_wconf 86' lang='lat' dir='ltr'><strong>equo</strong></span> <span class='ocrx_word' id='word_1_180' title='bbox 1504 3188 1947 3283; x_wconf 69' lang='lat' dir='ltr'><strong>objecisset?</strong></span> <span class='ocrx_word' id='word_1_181' title='bbox 1998 3207 2132 3285; x_wconf 87' lang='lat' dir='ltr'><strong>per</strong></span> <span class='ocrx_word' id='word_1_182' title='bbox 2166 3191 2397 3262; x_wconf 86' lang='lat' dir='ltr'><strong>Deum</strong></span> <span class='ocrx_word' id='word_1_183' title='bbox 2440 3193 2639 3284; x_wconf 73' lang='lat' dir='ltr'><strong>juro,</strong></span> 
     </span>
     <span class='ocr_line' id='line_1_29' title="bbox 623 3289 2637 3384; baseline 0 -22"><span class='ocrx_word' id='word_1_184' title='bbox 623 3293 687 3362; x_wconf 86' lang='lat' dir='ltr'><strong>si</strong></span> <span class='ocrx_word' id='word_1_185' title='bbox 740 3294 834 3361; x_wconf 88' lang='lat' dir='ltr'><strong>ita</strong></span> <span class='ocrx_word' id='word_1_186' title='bbox 885 3312 970 3362; x_wconf 91' lang='lat' dir='ltr'><strong>se</strong></span> <span class='ocrx_word' id='word_1_187' title='bbox 997 3289 1341 3383; x_wconf 71' lang='lat' dir='ltr'><strong>saepius„</strong></span> <span class='ocrx_word' id='word_1_188' title='bbox 1298 3298 1526 3376; x_wconf 63' lang='lat' dir='ltr'><strong>verat,</strong></span> <span class='ocrx_word' id='word_1_189' title='bbox 1575 3307 1919 3384; x_wconf 84' lang='lat' dir='ltr'><strong>nunqnam</strong></span> <span class='ocrx_word' id='word_1_190' title='bbox 1975 3290 2404 3383; x_wconf 86' lang='lat' dir='ltr'><strong>elapsurum,</strong></span> <span class='ocrx_word' id='word_1_191' title='bbox 2455 3312 2637 3362; x_wconf 83' lang='lat' dir='ltr'><strong>nun-</strong></span> 
     </span>
     <span class='ocr_line' id='line_1_30' title="bbox 624 3389 2636 3485; baseline 0 -24"><span class='ocrx_word' id='word_1_192' title='bbox 624 3413 828 3485; x_wconf 88' lang='lat' dir='ltr'><strong>quam</strong></span> <span class='ocrx_word' id='word_1_193' title='bbox 884 3393 1069 3461; x_wconf 90' lang='lat' dir='ltr'><strong>enim</strong></span> <span class='ocrx_word' id='word_1_194' title='bbox 1121 3389 1562 3459; x_wconf 88' lang='lat' dir='ltr'><strong>commodior</strong></span> <span class='ocrx_word' id='word_1_195' title='bbox 1608 3389 1819 3460; x_wconf 88' lang='lat' dir='ltr'><strong>nobis</strong></span> <span class='ocrx_word' id='word_1_196' title='bbox 1871 3390 2126 3461; x_wconf 84' lang='lat' dir='ltr'><strong>offerri</strong></span> <span class='ocrx_word' id='word_1_197' title='bbox 2166 3395 2458 3463; x_wconf 88' lang='lat' dir='ltr'><strong>occasio</strong></span> <span class='ocrx_word' id='word_1_198' title='bbox 2500 3412 2636 3484; x_wconf 86' lang='lat' dir='ltr'><strong>po·</strong></span> 
     </span>
     <span class='ocr_line' id='line_1_31' title="bbox 622 3484 2637 3584; baseline 0.001 -24"><span class='ocrx_word' id='word_1_199' title='bbox 622 3493 808 3560; x_wconf 84' lang='lat' dir='ltr'><strong>terit.</strong></span> <span class='ocrx_word' id='word_1_200' title='bbox 886 3489 1050 3559; x_wconf 84' lang='lat' dir='ltr'><strong>Jam</strong></span> <span class='ocrx_word' id='word_1_201' title='bbox 1105 3491 1436 3580; x_wconf 84' lang='lat' dir='ltr'><strong>impetum</strong></span> <span class='ocrx_word' id='word_1_202' title='bbox 1474 3484 1755 3561; x_wconf 80' lang='lat' dir='ltr'><strong>fortiter</strong></span> <span class='ocrx_word' id='word_1_203' title='bbox 1789 3491 2253 3583; x_wconf 84' lang='lat' dir='ltr'><strong>excipiamuS,</strong></span> <span class='ocrx_word' id='word_1_204' title='bbox 2304 3490 2637 3584; x_wconf 83' lang='lat' dir='ltr'><strong>alterque</strong></span> 
     </span>
     <span class='ocr_line' id='line_1_32' title="bbox 622 3584 2636 3662; baseline 0.002 -4"><span class='ocrx_word' id='word_1_205' title='bbox 622 3587 921 3659; x_wconf 87' lang='lat' dir='ltr'><strong>alterius</strong></span> <span class='ocrx_word' id='word_1_206' title='bbox 988 3609 1224 3657; x_wconf 82' lang='lat' dir='ltr'><strong>curam</strong></span> <span class='ocrx_word' id='word_1_207' title='bbox 1296 3586 1718 3660; x_wconf 86' lang='lat' dir='ltr'><strong>habeamus!</strong></span> <span class='ocrx_word' id='word_1_208' title='bbox 1823 3584 2099 3660; x_wconf 86' lang='lat' dir='ltr'><strong>Omnes</strong></span> <span class='ocrx_word' id='word_1_209' title='bbox 2166 3593 2636 3662; x_wconf 84' lang='lat' dir='ltr'><strong>centuriones</strong></span> 
     </span>
     <span class='ocr_line' id='line_1_33' title="bbox 621 3681 2637 3784; baseline 0.001 -26"><span class='ocrx_word' id='word_1_210' title='bbox 621 3681 1039 3778; x_wconf 89' lang='lat' dir='ltr'><strong>colonorum</strong></span> <span class='ocrx_word' id='word_1_211' title='bbox 1094 3690 1512 3759; x_wconf 86' lang='lat' dir='ltr'><strong>societatem</strong></span> <span class='ocrx_word' id='word_1_212' title='bbox 1568 3691 1915 3776; x_wconf 88' lang='lat' dir='ltr'><strong>coierunt,</strong></span> <span class='ocrx_word' id='word_1_213' title='bbox 1972 3689 2302 3784; x_wconf 85' lang='lat' dir='ltr'><strong>datisque</strong></span> <span class='ocrx_word' id='word_1_214' title='bbox 2354 3689 2637 3761; x_wconf 81' lang='lat' dir='ltr'><strong>dextris</strong></span> 
     </span>
     <span class='ocr_line' id='line_1_34' title="bbox 622 3787 2636 3883; baseline 0.001 -25"><span class='ocrx_word' id='word_1_215' title='bbox 622 3788 809 3858; x_wconf 87' lang='lat' dir='ltr'><strong>inter</strong></span> <span class='ocrx_word' id='word_1_216' title='bbox 859 3807 946 3857; x_wconf 92' lang='lat' dir='ltr'><strong>se</strong></span> <span class='ocrx_word' id='word_1_217' title='bbox 997 3787 1514 3873; x_wconf 85' lang='lat' dir='ltr'><strong>confirmarunt,</strong></span> <span class='ocrx_word' id='word_1_218' title='bbox 1565 3807 1658 3859; x_wconf 93' lang='lat' dir='ltr'><strong>ne</strong></span> <span class='ocrx_word' id='word_1_219' title='bbox 1690 3791 1848 3883; x_wconf 88' lang='lat' dir='ltr'><strong>quis</strong></span> <span class='ocrx_word' id='word_1_220' title='bbox 1880 3788 2179 3860; x_wconf 85' lang='lat' dir='ltr'><strong>alterum</strong></span> <span class='ocrx_word' id='word_1_221' title='bbox 2214 3789 2636 3879; x_wconf 85' lang='lat' dir='ltr'><strong>desereret3</strong></span> 
     </span>
     <span class='ocr_line' id='line_1_35' title="bbox 622 3886 2636 3983; baseline 0.002 -26"><span class='ocrx_word' id='word_1_222' title='bbox 622 3908 766 3982; x_wconf 91' lang='lat' dir='ltr'><strong>quo</strong></span> <span class='ocrx_word' id='word_1_223' title='bbox 819 3886 1004 3960; x_wconf 86' lang='lat' dir='ltr'><strong>sacto</strong></span> <span class='ocrx_word' id='word_1_224' title='bbox 1039 3898 1539 3973; x_wconf 85' lang='lat' dir='ltr'><strong>surrexerunt,</strong></span> <span class='ocrx_word' id='word_1_225' title='bbox 1589 3892 1814 3962; x_wconf 84' lang='lat' dir='ltr'><strong>aciem</strong></span> <span class='ocrx_word' id='word_1_226' title='bbox 1845 3912 2048 3983; x_wconf 89' lang='lat' dir='ltr'><strong>quam</strong></span> <span class='ocrx_word' id='word_1_227' title='bbox 2087 3888 2636 3982; x_wconf 81' lang='lat' dir='ltr'><strong>diligentissime</strong></span> 
     </span>
     <span class='ocr_line' id='line_1_36' title="bbox 619 3987 2635 4083; baseline 0.001 -26"><span class='ocrx_word' id='word_1_228' title='bbox 619 3990 1132 4073; x_wconf 84' lang='lat' dir='ltr'><strong>instruxerunt,</strong></span> <span class='ocrx_word' id='word_1_229' title='bbox 1183 3991 1723 4073; x_wconf 87' lang='lat' dir='ltr'><strong>constituerunt,</strong></span> <span class='ocrx_word' id='word_1_230' title='bbox 1773 3992 1895 4082; x_wconf 87' lang='lat' dir='ltr'><strong>qui</strong></span> <span class='ocrx_word' id='word_1_231' title='bbox 1929 3987 2072 4059; x_wconf 86' lang='lat' dir='ltr'><strong>tela</strong></span> <span class='ocrx_word' id='word_1_232' title='bbox 2121 3989 2402 4083; x_wconf 88' lang='lat' dir='ltr'><strong>clypeis</strong></span> <span class='ocrx_word' id='word_1_233' title='bbox 2434 3992 2635 4060; x_wconf 88' lang='lat' dir='ltr'><strong>exci-</strong></span> 
     </span>
     <span class='ocr_line' id='line_1_37' title="bbox 621 4088 2635 4181; baseline 0.003 -27"><span class='ocrx_word' id='word_1_234' title='bbox 621 4097 896 4180; x_wconf 87' lang='lat' dir='ltr'><strong>perent,</strong></span> <span class='ocrx_word' id='word_1_235' title='bbox 947 4091 1064 4180; x_wconf 87' lang='lat' dir='ltr'><strong>qui</strong></span> <span class='ocrx_word' id='word_1_236' title='bbox 1118 4109 1351 4159; x_wconf 81' lang='lat' dir='ltr'><strong>caesas</strong></span> <span class='ocrx_word' id='word_1_237' title='bbox 1402 4097 1521 4158; x_wconf 88' lang='lat' dir='ltr'><strong>aut</strong></span> <span class='ocrx_word' id='word_1_238' title='bbox 1570 4095 1866 4179; x_wconf 83' lang='lat' dir='ltr'><strong>punctas</strong></span> <span class='ocrx_word' id='word_1_239' title='bbox 1916 4088 2286 4177; x_wconf 84' lang='lat' dir='ltr'><strong>inferrent,</strong></span> <span class='ocrx_word' id='word_1_240' title='bbox 2332 4091 2635 4181; x_wconf 86' lang='lat' dir='ltr'><strong>sagitta-</strong></span> 
     </span>
     <span class='ocr_line' id='line_1_38' title="bbox 619 4184 2634 4285; baseline 0.004 -33"><span class='ocrx_word' id='word_1_241' title='bbox 619 4186 771 4255; x_wconf 91' lang='lat' dir='ltr'><strong>rios</strong></span> <span class='ocrx_word' id='word_1_242' title='bbox 837 4207 1014 4258; x_wconf 88' lang='lat' dir='ltr'><strong>suos</strong></span> <span class='ocrx_word' id='word_1_243' title='bbox 1082 4190 1152 4256; x_wconf 92' lang='lat' dir='ltr'><strong>in</strong></span> <span class='ocrx_word' id='word_1_244' title='bbox 1220 4209 1434 4258; x_wconf 87' lang='lat' dir='ltr'><strong>unum</strong></span> <span class='ocrx_word' id='word_1_245' title='bbox 1497 4184 1736 4257; x_wconf 91' lang='lat' dir='ltr'><strong>locum</strong></span> <span class='ocrx_word' id='word_1_246' title='bbox 1803 4186 2280 4275; x_wconf 83' lang='lat' dir='ltr'><strong>collocarunt,</strong></span> <span class='ocrx_word' id='word_1_247' title='bbox 2337 4191 2634 4285; x_wconf 80' lang='lat' dir='ltr'><strong>jamque</strong></span> 
     </span>
    </p>
   </div>
   <div class='ocr_carea' id='block_1_3' title="bbox 2903 2609 2910 3508">
    <p class='ocr_par' dir='ltr' id='par_1_5' title="bbox 2903 2609 2910 3508">
     <span class='ocr_line' id='line_1_39' title="bbox 2903 2609 2910 3508; baseline 0 0"><span class='ocrx_word' id='word_1_248' title='bbox 2903 2609 2910 3508; x_wconf 95' lang='lat' dir='ltr'><strong> </strong></span> 
     </span>
    </p>
   </div>
  </div>
 </body>
</html>
