2950 4709
372 361 447 425 c.
481 359 622 424 130.
812 360 1179 414 fflsroma
1232 359 1458 408 uncus
1515 355 1955 410 svnnluzms„
2216 333 2392 424 215

774 544 900 618 De
947 566 1124 640 φερε
1175 541 1551 637 Συεννενο
1591 552 1664 615 et
1714 541 2003 639 Baqlis.
2041 549 2046 552 ’

580 644 747 717 130.
852 645 1031 716 Cum
1082 645 1240 715 haec
1270 644 1731 736 gerebantur,
1785 665 1918 714 rex
1947 641 2264 714 Sverrer
2298 642 2391 714 ad
2435 667 2444 674 ‘

378 750 729 819 orientem
781 748 849 814 in
894 744 1080 816 Vika
1126 765 1214 815 se
1247 744 1688 831 continebat3
1741 742 1949 835 Bagli
2001 764 2178 814 vero
2232 763 2392 813 cur-

376 868 534 917 sum
604 849 1132 930 continuarunt,
1206 845 1440 914 donec
1468 871 1478 877 ·
1503 847 1575 913 in
1644 843 1898 913 fretum
1956 840 2393 935 Salteyense

376 954 880 1039 pervenerunt.
998 943 1164 1014 Rex
1216 941 1531 1013 Sverrer
1588 945 1928 1013 nuntium
1973 940 2083 1013 de'
2134 944 2391 1013 itinere

381 1066 628 1117 eorum
682 1048 754 1114 in
805 1043 1256 1137 Semsljordo
1309 1047 1622 1136 accepit,
1688 1040 2195 1135 extemploque
2248 1064 2393 1113 ma-

376 1166 543 1214 num
594 1144 945 1215 adversus
998 1165 1131 1215 eos
1166 1144 1409 1213 misit..
1450 1141 1617 1235 Ipse
1650 1147 1808 1213 c'um
1842 1140 2146 1212 Nicolao
2175 1141 2393 1213 Vest-
2495 1187 2501 1194 ·

378 1246 679 1316 nesensi
730 1243 1256 1336 speculatorem
1309 1264 1571 1333 agens,
1639 1265 1797 1313 cum
1860 1241 2392 1312 animadvertis-

379 1352 520 1429 set,
572 1353 868 1437 quantas
919 1340 1129 1433 Bag-li
1194 1346 1441 1435 copias
1507 1340 1893 1427 haberent,
1960 1340 2394 1435 multumque

378 1462 677 1513 numero
751 1440 996 1511 valere
1060 1441 1518 1525 viderentur,
1591 1440 1897 1511 Nicolao
1953 1451 2027 1510 et
2076 1438 2395 1533 Sigurdo

378 1539 709 1611 Lavardo
762 1542 1138 1631 praecepit,
1212 1548 1289 1609 ut
1351 1560 1575 1609 naves
1627 1540 1716 1610 ad
1768 1540 2112 1632 praedium
2163 1536 2392 1611 Sona-

380 1637 716 1730 berguml
777 1639 1035 1707 dictum
1072 1635 1533 1730 applicarent,
1591 1639 1692 1724 et,
1736 1642 1803 1709 si
1855 1659 1993 1731 qua
2036 1658 2130 1712 ‚se
2182 1639 2395 1708 offer-

380 1746 497 1810 ret
548 1740 861 1836 occasio,
910 1735 1186 1828 Baglos
1238 1736 1721 1826 lacesserent3
1774 1741 1931 1829 ipse
1983 1737 2074 1807 ad
2113 1736 2395 1808 Hastei-

382 1860 548 1909 num
600 1847 897 1921 vectus,
969 1835 1469 1929 deprehensos
1537 1836 1636 1906 ibi
1702 1837 2201 1930 speculatores
2254 1835 2396 1907 Ba-

382 1936 662 2029 glorum
731 1940 800 2006 in
865 1937 1100 2029 fugam
1154 1938 1482 2029 conjecit.
1601 1936 1788 2008 Post
1857 1935 2012 2007 haec
2059 1939 2400 2008 interiora

382 2058 644 2108 versus
697 2037 786 2106 ad
839 2036 1147 2107 classem
1201 2045 1544 2108 revectus
1597 2043 1735 2123 est,
1791 2056 2025 2131 eoque
2070 2035 2238 2107 loco
2271 2035 2407 2106 ali-

385 2137 717 2229 quamdiu
779 2135 945 2220 telis
1007 2138 1196 2207 inter
1255 2158 1341 2207 se
1396 2140 1744 2228 conjectis
1799 2140 2075 2207 eminus
2127 2158 2397 2229 pugna-

383 2236 572 2320 bant,
624 2258 767 2305 non
817 2257 1083 2327 magna⁴
1120 2237 1309 2305 edita
1356 2244 1639 2327 strage3
1712 2235 1959 2321 celox,
2011 2258 2216 2329 quam
2271 2235 2398 2307 du-

385 2334 600 2405 cebat
648 2354 804 2419 rex,
856 2333 1046 2426 litori
1096 2338 1420 2405 interiori
1469 2338 1791 2427 proxima
1835 2334 2083 2405 stabat.
2185 2333 2406 2426 Bagli'

286 2515 296 2524 ἡ
384 2435 457 2501 in
507 2436 914 2503 continente
971 2442 1206 2517 crant,
1246 2454 1388 2524 quo
1418 2431 1588 2503 loco
1617 2432 2018 2524 Mugavalli
2050 2433 2399 2520 dicuntur,

385 2553 754 2624 navesque
806 2532 896 2602 ad
949 2552 1034 2603 se
1087 2535 1157 2600 in
1209 2532 1480 2601 aridum
1532 2531 2057 2619 subduxerant3
2128 2531 2399 2603 habu-e-

387 2641 552 2702 runt
602 2636 937 2725 quinque*
983 2653 1210 2701 naves
1280 2630 1579 2722 longas,
1640 2641 1945 2702 centum
2014 2640 2087 2701 et
2156 2634 2403 2723 viginti

388 2734 742 2818 minores,
794 2729 1113 2802 Sverrer
1147 2728 1493 2823 triginta2,
1547 2741 1622 2802 et
1648 2729 2035 2825 plerasque
2072 2734 2402 2823 exiguaS,

388 2829 715 2901 babebat.
816 2829 985 2900 Rex
1035 2839 1268 2900 autem
1323 2829 1778 2923 intelligens,
1849 2832 2199 2903 adversus
2251 2840 2401 2903 tan-

389 2939 528 3003 tam
581 2928 1113 3015 multitudinem,
1165 2940 1422 3023 quanta
1473 2934 1545 2999 in
1597 2940 1790 3001 terra
1843 2941 2019 3016 erat,
2073 2930 2247 3000 nibil
2297 2930 2401 3001 ef-

389 3029 503 3100 fici
555 3050 802 3120 posse,
855 3049 1033 3099 suos
1080 3032 1369 3113 monuit,
1424 3038 1503 3099 ut
1531 3033 2049 3123 circumspecte
2079 3043 2404 3122 agerent,

390 3136 916 3218 caverentque,
986 3146 1078 3196 ne
1147 3148 1375 3197 naves
1443 3148 1602 3196 cum
1662 3129 2079 3200 vectoribus
2130 3128 2220 3199 ab
2273 3128 2406 3200 ho-

390 3225 624 3322 stibus
678 3227 750 3293 in
800 3226 1070 3296 aridum
1122 3224 1715 3296 subducerentur.
1815 3225 1996 3298 Tum
2031 3248 2165 3298 rex
2203 3237 2407 3298 extra

389 3328 605 3396 ictum
662 3323 788 3393 teli
840 3333 1268 3416 provectus,
1332 3326 1633 3415 trajecto
1686 3325 1916 3411 freto,
1967 3327 2058 3397 ad
2110 3326 2407 3398 insulam

391 3421 699 3515 appulit,
766 3424 1007 3516 ibique
1077 3420 1505 3516 aliquamdiu
1556 3428 1772 3495 stetit.
1874 3423 1951 3494 In
2005 3445 2182 3518 rupe
2237 3448 2407 3520 qua-

396 3522 555 3592 dam
610 3542 652 3590 e
704 3526 1008 3612 regione
1072 3526 1349 3593 navium
1400 3521 1796 3616 Baglorum
1860 3524 2214 3596 ballistam
2268 3529 2412 3596 eri-.

392 3619 698 3712 gendam
753 3623 1039 3705 curavit,
1095 3632 1168 3693 et
1217 3626 1537 3715 vesperi,
1591 3646 1732 3719 quo
1767 3624 2090 3718 perfecta
2125 3623 2411 3695 ballista
2477 3665 2482 3669 ·

396 3726 590 3803 erat,
656 3715 1049 3790 Birkibeini
1115 3721 1542 3815 aliquamdiu
1605 3722 1753 3794 tela
1799 3723 2263 3818 torquebant,
2336 3732 2412 3794 et

391 3837 620 3887 naves
670 3814 1064 3908 Baglorum
1119 3820 1680 3913 confringebant.
1792 3821 2107 3915 Vesperi
2170 3832 2407 3893 autem

392 3913 718 3989 tenebris
786 3916 1060 3988 obortis
1123 3939 1258 3987 rex
1304 3914 1707 3991 Lavardum
1775 3920 1992 3992 filium
2059 3944 2266 3995 suum
2338 3931 2416 3993 et

393 4013 727 4107 Eylivum
797 4014 1061 4086 Rufum
1131 4018 1220 4086 ad
1289 4019 1826 4092 custodiendam
1894 4020 2245 4092 ballistam
2319 4040 2411 4092 eo
2465 4057 2472 4064 ·

465 4145 514 4211 ¹)
552 4145 898 4222 Souaboegnn,
941 4145 1005 4198 B.
1075 4145 1122 4214 ¹)
1162 4146 1359 4218 viginti,
1405 4146 1468 4200 B.
