2950 4709
307 368 394 432 ’,(3-
425 365 570 431 242
762 369 1125 417 maronia
1184 369 1409 420 uncis
1463 366 1904 419 svnmmnrs:
2147 337 2334 432 m

315 556 624 629 omnium
674 574 832 638 cum
887 550 1113 625 tribus
1163 553 1466 626 navibus
1516 552 1841 644 advecti,
1908 549 2185 646 Baglos
2251 554 2332 622 in

316 655 580 748 oppido
614 656 912 738 versari,
960 651 1343 747 multisque
1389 654 1710 725 damnum
1752 646 2077 726 intulisse
2133 673 2325 724 com·

316 764 678 846 pererunt.
781 751 1175 823 Bit-kibeini
1240 753 1550 824 classem
1604 762 1817 824 noctu
1867 752 2001 824 sub
2057 751 2328 824 dilucu-

317 851 458 925 lu'm
524 852 784 925 Holmo
847 852 1285 946 appulerunt.
1385 853 1677 924 Eirikus
1748 873 1834 923 ac
1886 855 2001 923 sui
2055 850 2334 923 duabus

314 953 619 1025 navibus
687 974 823 1046 per
888 954 1068 1024 ostia
1133 954 1434 1024 fluminis
1501 956 1720 1024 remis
1767 952 2093 1024 subvecti
2142 960 2328 1038 sunt,
2393 1026 2398 1031 ,

314 1051 651 1145 Eyolvus
710 1062 941 1124 autem
963 1104 984 1138 ‚
1065 1051 1366 1124 navibus
1434 1054 1616 1123 intra
1683 1073 1921 1124 arcem
2000 1051 2091 1122 ad
2158 1049 2330 1126 litus

316 1172 696 1224 arenosum
764 1153 1125 1246 adpulsis,
1204 1174 1362 1223 cum
1436 1155 1595 1223 suis
1654 1152 1742 1223 ad
1812 1164 2101 1246 pontem
2165 1170 2329 1223 ver-

314 1273 445 1324 sus
499 1262 700 1323 extra
750 1253 1081 1346 oppidum
1136 1253 1674 1324 contenderunt.
1768 1250 2000 1344 Bagli
2027 1249 2329 1323 animum

313 1373 460 1423 non
526 1355 722 1444 prius
797 1354 1294 1438 adverterunt,
1379 1374 1585 1446 quam
1653 1349 2042 1423 Birkibeini
2130 1352 2329 1443 oppi-

196 1459 203 1462 “
318 1451 484 1522 dum
552 1455 862 1543 ingressi
931 1452 1141 1522 tubas
1208 1451 1567 1538 inflarent3
1633 1459 1780 1521 tum
1844 1471 2022 1524 vero
2088 1450 2207 1521 alii
2257 1453 2332 1519 in

313 1550 582 1642 templa
647 1551 1154 1642 confugerunt,
1221 1549 1340 1619 alii
1407 1559 1696 1643 pontem
1775 1571 2034 1621 versus
2086 1549 2330 1642 prosu-

282 1652 644 1740 ,gientes,
711 1653 785 1720 in
836 1669 1315 1742 percussores
1368 1670 1458 1720 eo
1521 1647 1687 1719 loco
1749 1652 2174 1720 constitutos
2224 1651 2330 1718 in-

318 1748 686 1837 ciderunt,
753 1749 873 1821 alii
923 1748 1065 1821 alio
1120 1749 1613 1820 discurrentes
1664 1748 1879 1820 saluti
1947 1746 2331 1819 consulue-

314 1858 507 1937 runt3
594 1847 1003 1944 complures
1094 1857 1262 1920 sunt
1327 1847 1724 1935 interfecti,
1800 1846 2123 1924 nonnulli
2187 1850 2332 1918 vita

320 1949 578 2021 donati.
694 1949 873 2022 Haec
949 1949 1176 2021 tribus
1256 1959 1419 2020 ante
1491 1948 1751 2022 festum
1815 1947 2132 2019 Andreae
2197 1947 2332 2019 n'o·

316 2048 550 2121 ctibus
618 2051 1046 2122 acciderunt.
1196 2047 1596 2121 Birkibeini
1663 2070 1890 2121 naves
1959 2052 2031 2119 in
2109 2048 2331 2140 Eyris

320 2149 827 2226 subducendas
880 2159 1234 2235 curarunt,
1286 2170 1555 2245 resque
1609 2151 1999 2243 oppidanas
2040 2141 2329 2241 et'prae-

321 2248 639 2321 fecturus
689 2249 1170 2344 provinciales
1231 2250 1819 2320 administrarunt.
1918 2248 2350 2342 Insequenti·

320 2345 558 2419 hieme
611 2359 777 2442 post
825 2350 1087 2420 festum
1132 2347 1422 2439 jolense
1461 2347 1675 2440 Bagli
1711 2346 1972 2419 Jonem
2002 2348 2333 2418 Macrum

320 2447 458 2518 sul)
510 2451 757 2541 specie
808 2448 1088 2520 visendi
1155 2450 1311 2539 ejus
1362 2448 1893 2519 interfecerunt.
1992 2446 2127 2517 Vir
2180 2448 2332 2538 qui-

256 2577 267 2581 -
324 2547 506 2633 dam,
558 2551 846 2619 nomine
899 2546 1220 2632 SolviuS,
1271 2547 1360 2617 ad
1397 2547 1600 2626 fores
1634 2547 2016 2632 accedens,
2067 2544 2334 2616 Jonem

320 2649 611 2740 prodire
675 2652 1104 2742 januamque
1172 2649 1455 2740 aperire
1516 2647 1751 2740 jussit.
1854 2645 2078 2738 Cujus
2144 2665 2332 2716 voce

321 2750 607 2838 cognita
683 2747 832 2820 Jon
899 2748 988 2818 ad
1058 2750 1312 2834 ostium
1381 2767 1823 2841 progressus
1900 2755 2031 2817 est.
2147 2742 2350 2816 Huic·

320 2844 653 2919 Solvius:
705 2851 903 2941 aperi
958 2847 1181 2934 fores,
1230 2869 1414 2920 nova
1457 2869 1619 2942 quae
1672 2847 1797 2919 tibi
1846 2845 2158 2918 referam
2208 2843 2332 2915 ha·-

319 2944 484 3020 beo.
582 2945 785 3020 Laeta
822 2949 1074 3020 'afferri
1127 2958 1473 3041 optarem,
1522 2949 1851 3041 inquiens
1900 2946 2069 3031 Jon,
2124 2944 2333 3016 obice

252 3074 266 3082 ·
320 3058 600 3124 remoto
667 3049 870 3120 fores
940 3051 1234 3141 aperuit.
1356 3046 1657 3119 Solvius
1725 3068 1887 3119 eum
1955 3045 2334 3118 confestim

321 3144 563 3239 gladio
627 3147 1015 3231 transfixit,
1108 3156 1185 3216 ut
1266 3150 1512 3240 cuspis
1581 3167 1623 3216 e
1694 3155 1924 3238 tergo
1993 3153 2333 3215 exstaret.

325 3244 562 3334 Quem
630 3246 780 3318 Jon
845 3247 1102 3317 eodem
1171 3248 1330 3339 ipso
1397 3248 1745 3337 temporis
1795 3253 2098 3336 puncto,
2161 3263 2332 3336 pre·

320 3344 557 3420 henso
626 3346 852 3435 collo,
920 3367 1219 3441 pronum
1290 3344 1427 3417 sihi
1494 3343 1838 3437 subjecit3
1923 3365 2082 3415 cum
2149 3362 2330 3415 vero

321 3444 618 3519 brachio
675 3457 981 3519 extenso
1034 3446 1371 3540 gladium,
1424 3447 1544 3538 qui
1586 3447 1791 3536 Juxta
1844 3440 2103 3516 lectum
2156 3463 2330 3538 pen-

326 3543 573 3633 debat,
642 3548 1098 3638 prehendere
1151 3545 1411 3632 vellet,
1479 3543 1860 3638 deliquium
1913 3545 2119 3615 animi
2166 3564 2330 3637 pas-

323 3664 456 3718 sus
523 3647 801 3718 cecidit.
923 3648 1035 3720 Eo
1103 3657 1424 3740 tempore
1493 3643 1705 3737 Bagli
1773 3653 2036 3717 tantum
2102 3645 2330 3736 copiis

321 3746 687 3835 valebant,
751 3757 828 3819 ut
876 3751 1208 3839 ingentes
1257 3765 1529 3838 greges
1578 3744 1869 3815 militum
1923 3763 2169 3815 eorum
2223 3755 2331 3817 to·-

322 3861 462 3920 tam
530 3847 786 3918 Vikam
857 3858 931 3919 et
949 3805 1303 3940 ‘'Uplanda
1371 3854 1823 3937 occuparent.
1922 3842 2332 3915 Halvardns

326 3948 791 4023 Sastadensis
856 3948 1163 4020 futurum
1243 3965 1490 4016 eorum
1547 3964 1806 4036 regem
1859 3952 2027 4015 tunc
2081 3962 2331 4014 serva-

326 4047 464 4126 bat.
549 4046 659 4122 Illi
714 4069 806 4122 eo
860 4057 1185 4144 tempore
1234 4065 1320 4118 se
1363 4047 1437 4119 in
1470 4043 1819 4142 Uplandis
1847 4042 2331 4132 continebant3
