2950 4709
596 319 766 409 128
925 395 930 400 ,
1027 326 1394 397 mireum
1447 342 1677 435 nnete
1728 342 2167 397 emanente.
2286 342 2371 412 cm
2385 341 2610 414 7546,

588 527 902 601 Bnrdum
928 526 1285 602 Guttormi
1335 527 1552 600 filium
1605 538 1680 603 et
1725 528 2004 603 Ivarem
2028 525 2392 602 Selkium1
2448 551 2606 602 cnm

588 638 870 723 septem
918 626 1291 701 celocibus
1341 630 1699 702 adversus
1752 649 1916 702 eum
1964 632 2170 701 misit.
2249 628 2397 721 Qui
2448 650 2611 702 cum

589 730 884 802 boream
934 749 1201 800 versus
1229 731 1650 821 navigantes
1698 732 1772 800 in
1798 729 2185 822 Aunglium
2211 732 2609 817 venissent,

588 850 843 903 navem
893 828 1253 900 Vidkunni
1307 824 1861 923 conspexerunt,
1912 850 2074 924 quae
2139 839 2311 900 tnnc
2376 851 2422 901 a
2486 850 2608 902 se*

589 932 1015 1025 ptemtrione
1066 926 1544 1023 pcrOsotium
1594 929 1979 1001 ferebatur.
2079 925 2304 1001 Festo
2355 941 2607 1002 ascen·

588 1032 816 1102 sionis
869 1029 1134 1102 Christi
1152 1079 1174 1116 ,
1243 1031 1468 1124 primo
1513 1050 1714 1101 mane
1734 1081 1757 1118 ,
1821 1028 2217 1100 Birkibeini
2284 1026 2606 1122 Steigar-

585 1128 890 1222 bergam
957 1131 1175 1201 remis
1236 1130 1519 1201 advecti
1542 1134 1583 1215 ‚s
1652 1150 1744 1202 eo
1829 1128 1995 1201 loco
2083 1127 2607 1222 exspectarunt.

563 1227 1013 1306 ,Vidkunnus
1064 1249 1152 1299 ac
1202 1231 1317 1301 sni
1366 1232 1668 1301 animum
1720 1250 1863 1301 non
1897 1232 2096 1323 prius
2124 1229 2607 1318 adverterunt,

590 1350 795 1425 quam
847 1327 1101 1401 hostes
1151 1332 1745 1422 supervenissent
1778 1350 2149 1424 navesque
2176 1350 2382 1422 paene
2435 1351 2606 1402 con-

589 1439 1005 1518 currerent3
1065 1431 1304 1522 itaque
1356 1428 1523 1501 vela
1575 1433 1823 1524 raptim
1873 1429 2392 1517 submiserunt,
2443 1428 2606 1503 Bir÷

592 1529 855 1601 kibeini
921 1549 1102 1602 vero
1170 1528 1469 1601 celoces
1537 1530 1629 1601 ad
1704 1540 2074 1624 utrumque
2148 1526 2336 1603 latus
2401 1532 2607 1602 navis

587 1628 1081 1725 applicuerunt
1148 1637 1222 1700 et
1284 1649 1523 1700 acrem
1589 1633 1921 1724 impetum
1984 1629 2328 1701 fecerunt.
2429 1630 2604 1702 Vid-

587 1727 946 1827 kunniani2
1003 1749 1145 1826 quo
1197 1750 1282 1800 se
1308 1730 1785 1803 defenderent
1813 1753 1954 1802 non
1990 1727 2367 1818 habebant,
2419 1752 2605 1825 prae-

586 1839 704 1901 ter
752 1851 944 1901 arma
994 1829 1251 1924 quibus
1304 1833 1546 1901 caesim
1603 1839 2013 1917 uterentur,
2081 1829 2269 1902 unde
2319 1830 2604 1919 factum,

590 1938 667 2002 ut
715 1938 1003 2021 strages
1054 1932 1125 1998 in
1179 1949 1312 2002 eos
1382 1928 1584 2001 brevi
1631 1930 2034 2018 inclinaret3
2103 1952 2406 2024 cumque
2475 1931 2603 2003 de-

585 2032 802 2100 missa
855 2029 1124 2121 scapha
1172 2028 1517 2101 mulieres
1583 2041 1969 2125 exportare
2019 2028 2314 2117 vellent,
2364 2054 2605 2125 pugna

588 2127 930 2201 celeriter
994 2129 1363 2222 profligata
1430 2129 1520 2200 ab
1587 2129 1731 2201 hoc
1797 2139 2055 2203 conatu
2106 2131 2369 2224 dejecti
2418 2140 2602 2203 sunt.

586 2228 981 2300 Birkibeini
1044 2231 1345 2301 victoria
1412 2232 1650 2324 potiti3
1735 2229 2161 2303 Vidkunnus
2227 2252 2389 2303 cum
2449 2234 2604 2303 suis

587 2329 747 2403 fere
800 2329 1125 2402 omnihus
1178 2330 1458 2401 cecidit.
1534 2329 1645 2402 Illi
1673 2330 2136 2424 Gulbringam
2169 2352 2347 2402 cum·
2382 2334 2603 2403 omni·-

557 2430 724 2503 ”bus
789 2429 1045 2517 rebus,
1110 2451 1271 2525 quae
1319 2434 1390 2500 in
1445 2445 1533 2503 ea
1601 2440 1838 2518 erant,
1906 2442 2179 2526 captam
2230 2433 2604 2503 meridiem

584 2552 848 2604 versus
908 2533 982 2602 in
1047 2528 1645 2604 Thrandheimum
1721 2532 2212 2619 deduxerunt,
2297 2534 2602 2627 regique

586 2629 928 2703 Sverreri
980 2630 1356 2719 dederunt,
1407 2634 1529 2725 qui
1579 2652 1705 2704 res
1756 2631 1844 2702 ab
1897 2635 1986 2704 iis
2010 2643 2258 2727 gestas
2308 2652 2601 2727 magno-

584 2750 763 2825 pere
816 2728 1146 2802 laudavit.

750 2828 876 2903 De
921 2832 1127 2927 reyis
1177 2821 1566 2903 Sverreris·
1612 2826 1915 2930 Berq'as
1947 2829 2433 2929 profectione.

786 2926 903 3001 76.
1001 2929 1288 3003 AEstate
1340 2935 1658 3026 proxime
1719 2936 2125 3029 insequenti
2188 2955 2324 3008 rex
2375 2933 2598 3008 Sver-

582 3048 750 3117 rer,
819 3028 1125 3103 concilio
1195 3054 1356 3104 cum
1423 3036 1579 3105 suis
1632 3043 1709 3106 et
1756 3035 2129 3129 oppidanis
2180 3033 2600 3129 frequenter

581 3127 847 3218 habito,
876 3134 1111 3203 varias
1141 3131 1602 3206 consiliorum
1634 3138 1948 3207 rationes
1978 3138 2375 3229 proposuit,
2403 3135 2598 3207 nulla

583 3251 667 3302 re
720 3242 917 3304 certa
970 3232 1402 3321 deliberata,
1455 3255 1548 3305 eo
1602 3237 1884 3306 tandem
1938 3237 2174 3321 exitu,
2243 3244 2323 3306 ut
2384 3256 2597 3305 nemo

582 3334 775 3403 scire
826 3331 964 3405 sibi
1014 3334 1426 3420 videretur,
1491 3333 1660 3429 quid
1725 3356 1861 3405 rex
1927 3334 2205 3405 consilii
2248 3344 2595 3427 capturus

584 3439 809 3502 esset.
910 3431 1114 3503 Alias
1184 3432 1555 3503 dicebatur
1619 3436 1759 3504 iter
1810 3436 2158 3505 orientem
2206 3455 2473 3507 versus
2520 3435 2596 3506 in

579 3528 835 3601 Vikam
885 3540 1007 3602 aut
1054 3533 1127 3601 in
1156 3529 1487 3603 Gothiam
1542 3553 1712 3604 esse
1744 3533 2165 3622 faciendum,
2214 3534 2416 3621 alias,
2470 3555 2594 3606 ce-

581 3627 861 3701 locibus
914 3633 1341 3703 conscensis
1407 3653 1697 3704 cursum
1764 3636 1836 3704 in
1890 3631 2222 3708 Orcades
2273 3644 2393 3707 aut
2445 3633 2596 3706 He·

579 3729 815 3803 hudes
881 3752 1112 3827 usque
1178 3730 1642 3826 dirigendum.
1757 3733 1921 3805 Rex
1981 3734 2294 3829 Magnus
2343 3734 2595 3807 samam

582 3831 676 3902 de
729 3829 855 3910 his*
893 3829 1112 3908 rebus
1162 3852 1295 3928 per
1344 3833 1846 3927 speculatores
1881 3840 2177 3929 accepit,
2228 3845 2374 3908 tum
2406 3833 2590 3907 Ber-

580 3932 695 4024 gis
746 3952 832 4003 se
887 3934 1279 4018 continens,
1332 3954 1474 4029 quo
1526 3934 1618 4004 ad
1672 3956 1834 4006 eum
1858 3938 2200 4007 immensa
2229 3938 2591 4028 copiarum

520 4099 526 4104 .
578 4033 1001 4126 naviumque
1052 4034 1163 4104 vis
1216 4031 1453 4105 denuo
1479 4034 1901 4108 confluebat.
1980 4033 2062 4105 ld
2112 4056 2245 4122 rex
2275 4034 2615 4108 Sverrer.

649 4160 703 4232 ¹)
740 4160 985 4235 simum,
1027 4163 1089 4217 F.
