2950 4709
506 380 742 466 “166
1004 405 1368 455 urs-roma
1423 403 1648 454 anais
1705 355 2170 455 §vl-:nnnmss
2257 399 2579 473 2929&

575 602 924 688 exceptus
978 602 1129 681 est,
1201 613 1433 687 eoque
1486 584 1653 664 loco
1706 590 2133 687 aliquamdiu
2171 589 2580 661 'commora-

569 693 790 765 batur.
891 691 1138 766 Funus
1188 697 1388 786 regis
1438 694 1714 786 Magni,
1770 694 1861 763 ad
1914 690 2349 786 sepulturam
2384 689 2580 762 com'-

571 797 900 889 positum,
953 797 1023 864 in
1077 796 1237 865 aede
1269 793 1533 865 Christi
1579 812 1780 865 extra
1834 792 2127 864 chorum
2179 802 2342 862 ante
2396 793 2576 884 pari-

574 905 762 966 etem
829 895 1182 988 lapideum
1252 917 1293 966 a
1343 894 1729 965 meridiana
1786 904 1987 987 parte
2039 892 2390 963 humatum
2446 900 2577 962 est.

570 994 736 1065 Rex
813 994 1127 1066 Sverrer
1208 1006 1283 1067 et
1350 993 1625 1066 Paulus
1706 998 2095 1089 episcopus
2180 1001 2576 1086 cunctaque

459 1109 466 1124 ·
573 1096 1081 1188 oppidanorum
1131 1095 1500 1167 multitudo
1551 1098 1939 1189 exsequias
1972 1098 2129 1186 ejus
2164 1092 2577 1164 celebravit.

569 1194 666 1266 Et
714 1206 1083 1289 antequam
1138 1195 1349 1266 funus
1410 1198 1683 1287 regium
1740 1193 2076 1288 sepulcro
2133 1194 2418 1286 lapideo
2472 1194 2575 1261 in-

570 1294 915 1381 ferretur,
984 1314 1119 1365 rex
1169 1294 1492 1366 Sverrer
1559 1295 1971 1381 advocavit,
2042 1298 2156 1389 qui
2229 1302 2577 1364 mortuum

572 1398 1036 1489 inspicerent,
1086 1417 1178 1465 ne
1230 1406 1484 1490 'postea
1544 1396 1868 1466 dicerent
1917 1396 2121 1467 brevi
2172 1395 2575 1464 intermisso

572 1499 800 1589 spatio
853 1496 1040 1567 hunc
1098 1496 1401 1567 eundem
1454 1498 1793 1588 Magnum
1849 1496 2204 1567 adversus
2255 1515 2339 1564 se
2377 1494 2622 1563 dimi--

527 1618 760 1667 -care.
840 1594 1031 1666 Dein
1085 1596 1490 1690 complures
1542 1598 1976 1667 accedentes
2033 1617 2295 1690 corpus
2335 1598 2575 1686 inspe-

572 1706 870 1785 xerunt,
961 1696 1552 1792 lacrimantesque
1621 1699 2131 1769 discesserunt.
2252 1694 2577 1787 Quorum

570 1819 795 1884 unuS,
874 1795 1129 1892 aliquis
1218 1820 1313 1868 ex
1379 1797 1956 1891 speculatoribus
2036 1800 2234 1889 regis
2300 1796 2577 1886 Magni,

571 1907 920 1968 mortuum
1006 1897 1343 1969 osculans
1428 1898 1753 1969 lacrimas
1814 1898 2042 1969 fudit.¹
2126 1896 2359 1987 Quem
2441 1915 2578 1964 rex

574 1995 886 2068 Sverrer
939 1998 1169 2069 oculis
1201 2009 1710 2093 prosequens:
1767 2019 1938 2069 sero
1993 1996 2276 2083 talibus,
2331 1997 2578 2091 inquit,

572 2091 1407 2170 credendum'existimo.
1510 2098 1799 2170 Pulcrae
1865 2109 2030 2171 sunt
2095 2101 2164 2167 in
2216 2100 2414 2189 regis
2464 2095 2575 2165 fu·

571 2217 748 2267 nere
803 2203 1166 2270 orationes
1216 2199 1493 2270 habitae.
1598 2198 2009 2271 Orationem
2063 2197 2309 2269 habuit
2355 2196 2576 2269 Nico-

573 2297 732 2369 laus
786 2297 1077 2387 Sulmo,
1143 2299 1541 2371 avunculus
1595 2303 1792 2394 regis
1845 2300 2260 2385 Sverreris‚
2328 2300 2440 2369 vir
2504 2297 2578 2364 iu

570 2401 816 2493 primis
869 2401 1203 2472 disertus,
1303 2400 1532 2472 Etiam
1605 2422 1736 2472 rex
1790 2402 2068 2493 longam
2124 2400 2364 2470 habuit
2415 2419 2576 2469 ora-

572 2502 875 2587 tionem,
943 2506 1052 2574 sic
1106 2503 1389 2572 dicens:
1463 2504 1619 2594 ejus
1685 2502 1917 2574 funeri
1982 2500 2121 2572 lioc
2177 2500 2342 2572 loco
2393 2520 2581 2569 nunc

573 2622 862 2696 operam
919 2602 1188 2688 damuS,
1242 2606 1360 2696 qui
1413 2614 1487 2673 et
1537 2603 1769 2673 bonus
1814 2613 1986 2689 erat,
2043 2610 2115 2671 et
2144 2604 2298 2671 suis
2331 2602 2579 2671 amicis

574 2711 648 2771 et
699 2705 1249 2795 consangvineis
1310 2705 1380 2771 in
1434 2706 1678 2796 primis
1732 2713 2104 2797 acceptuS,
2179 2703 2316 2772 etsi
2371 2700 2580 2771 nobis

573 2802 898 2891 cognatis
950 2812 1186 2873 mutua
1240 2802 1664 2874 coalescere
1708 2803 2090 2899 concordia
2142 2801 2424 2872 fortuna
2475 2804 2577 2870 in-

570 2900 857 2987 viderit3
927 2925 1082 2972 nam
1152 2906 1220 2973 in
1290 2924 1404 2973 me
1476 2925 1824 2997 meosque
1891 2902 2105 2975 valde
2174 2923 2259 2972 se
2331 2901 2579 2972 durum

570 3001 903 3098 praehuit3
975 3004 1108 3074 sed
1169 3004 1311 3095 Jam
1382 3007 1445 3074 ei
1514 3004 1724 3074 Deus
1792 3006 2115 3096 ignoscat
2178 3003 2444 3088 omnia,
2513 3004 2579 3071 si

573 3127 710 3201 qua
777 3107 847 3174 in
916 3125 997 3184 rc
1070 3105 1261 3175 modi
1327 3107 1671 3176 terminos
1738 3101 2091 3175 excessit:
2169 3113 2323 3173 erat
2395 3105 2578 3174 enim

570 3204 812 3277 multis
864 3209 933 3277 in
984 3205 1202 3278 rebus
1254 3209 1588 3299 princeps
1642 3203 1991 3299 honestus
2038 3206 2392 3297 regioque
2447 3224 2594 3295 gef

570 3329 749 3378 nere
805 3318 1113 3378 ornatus,
1216 3305 1415 3377 Hanc
1490 3308 1876 3386 orationem
1945 3326 2078 3374 rex
2132 3303 2369 3375 multis
2426 3305 2573 3372 exi·

570 3410 728 3477 miis
778 3411 1154 3477 sententiis
1210 3408 1621 3490 exornavit,
1679 3426 1913 3499 neque
1970 3409 2149 3475 enim
2208 3407 2275 3473 ei
2331 3403 2583 3473 deerat

571 3506 953 3578 verborum
1010 3509 1254 3598 copia,
1326 3526 1562 3598 neque
1620 3506 2014 3576 dexteritas
2064 3508 2382 3576 materiae
2436 3524 2577 3597 quo

570 3607 797 3680 vellet
853 3605 1061 3676 modo
1115 3605 1517 3675 tractandae.
1593 3604 1755 3674 Rex
1801 3603 2117 3676 Sverrer
2168 3604 2573 3697 sepulcrum

570 3711 774 3800 regis
845 3707 1093 3798 Magni
1162 3704 1706 3796 diligentissime
1777 3707 2199 3791 ornandum,
2272 3702 2579 3798 lapidem
2625 3776 2638 3788 x

572 3805 1048 3901 sepulcralem
1104 3806 1442 3878 cancellis
1497 3806 2065 3880 circumdandum
2108 3817 2179 3877 et
2221 3803 2580 3900 tapetibus

569 3908 943 4006 yelaudum
997 3909 1285 3979 curavit.

963 4007 1600 4079 Characterismus
1653 4008 1920 4103 Maqm’
1967 4008 2187 4101 reglis.

770 4106 890 4177 98.
990 4108 1156 4179 Rex
1208 4108 1523 4200 Magnus
1585 4108 1831 4201 populi
1892 4126 2134 4177 amore
2215 4114 2290 4174 et
2355 4106 2580 4197 gratia

571 4207 891 4295 valebat,
962 4212 1031 4279 in
1084 4208 1469 4310 primisque
1523 4229 1564 4280 a
1615 4206 2053 4279 Vikcnsihus
2105 4206 2393 4298 adiutus
2447 4213 2579 4277 est-
2652 4300 2661 4314 t
