2950 4709
593 370 723 455 32
1042 387 1406 438 msronm
1462 385 1686 433 uncis
1741 382 2176 434 smum-:nm
2372 360 2614 446 ’0,48,

606 570 787 644 Tum
853 569 1107 663 aliquis
1189 566 1522 639 militum:
1597 571 1739 659 jam
1819 586 1956 637 rex
2016 565 2331 658 Magnus
2411 575 2621 658 terga

606 675 840 744 vertit.
937 668 1070 740 Cui
1121 668 1400 762 aliquiS,
1447 666 1842 751 hauddum,
1893 669 2221 759 inquiens
2263 664 2622 737 hominem

608 774 903 855 invasit,
958 772 1170 864 eique
1223 766 1441 838 letale
1493 767 1752 837 vulnus
1805 766 2084 855 inflixit3
2135 768 2200 836 is
2250 767 2413 859 ipse
2465 775 2624 836 erat

605 893 743 943 rex
794 870 1128 960 Magnus.
1227 867 1558 962 Moxque
1623 869 1782 960 ipse
1850 886 2011 936 cum
2073 863 2400 937 omnihus
2463 868 2622 936 suis

608 992 837 1042 naves
906 969 1075 1061 fuga
1141 970 1361 1061 petiit.
1431 964 1542 1036 -ln
1588 964 1753 1054 ,hoc
1818 963 2068 1059 praelio
2138 955 2401 1036 cecidit
2446 962 2619 1034 Phi·

607 1070 844 1163 lippus
909 1068 1114 1138 Arnii
1181 1066 1413 1153 filius,
1492 1064 1933 1158 Brynjolvus
2000 1062 2347 1159 [Blanda,
2429 1063 2622 1135 filius

607 1169 957 1241 Eindridii
1005 1167 1220 1239 Jonis
1268 1165 1453 1238 filiil.
1492 1239 1497 1244 .
1553 1164 1715 1236 Ivar
1767 1164 2048 1236 Gallius
2101 1168 2418 1257 graviter
2466 1171 2624 1240 erat

607 1269 1039 1341 vulneratus.
1141 1264 1385 1337 Pulsis
1437 1263 1806 1352 hostibus,
1859 1285 1993 1334 rex
2043 1267 2116 1334 in
2167 1262 2435 1350 locum,
2497 1263 2623 1334 ubi

608 1371 784 1441 caesi
853 1371 1187 1461 jacuere,
1274 1386 1461 1459 equo
1547 1374 1803 1437 vectus
1882 1367 1955 1435 in
2014 1364 2292 1435 Ivarem
2356 1363 2624 1448 incidit,

607 1489 822 1563 quem
873 1487 1181 1561 corpore
1235 1486 1329 1535 ex
1371 1485 1559 1559 equo
1612 1463 1944 1536 inclinato
1993 1466 2480 1556 interrogavit,
2530 1484 2625 1534 an

609 1567 909 1646 vulnera
957 1588 1092 1638 sua
1140 1567 1374 1637 sanari
1424 1584 1652 1658 posse
1702 1565 2059 1636 crederet.
2134 1562 2273 1636 Ille
2315 1584 2620 1658 respon-

610 1669 747 1755 dit,
813 1688 904 1739 se
954 1666 1146 1738 haud
1198 1667 1595 1759 desperare
1641 1665 1942 1736 vulnera
1990 1684 2125 1737 sua
2175 1666 2489 1749 coitura,
2553 1664 2624 1735 si

605 1769 867 1842 medici
933 1770 1166 1838 statim
1232 1765 1777 1837 adducerentur.
1878 1762 2087 1836 Haud
2151 1762 2405 1857 procul
2454 1762 2623 1833 inde

607 1873 721 1940 vir
763 1867 1052 1961 ‘quidam
1104 1868 1422 1957 graviter
1463 1864 1879 1936 vulneratus
1923 1861 2231 1957 Jacebat,
2280 1861 2621 1956 Brynjol-

607 1989 768 2052 VuS,
817 1965 1008 2037 filius
1049 1963 1267 2036 Kalvi
1318 1964 1538 2056 legati
1558 1961 2051 2055 Faereyensis3
2101 1965 2218 2056 qui
2264 1965 2339 2031 in
2387 1983 2631 2055 genua

546 2109 554 2122 ·
606 2086 695 2138 se
748 2068 1064 2157 erigens,
1111 2068 1450 2135 intentato
1502 2067 1574 2132 in
1624 2083 1875 2154 regem
1926 2062 2168 2155 gladic
2199 2061 2464 2135 collum
2490 2084 2619 2157 pe-

606 2169 750 2254 tiit,
804 2164 918 2235 hic
969 2173 1202 2236 autem
1254 2184 1381 2234 ora
1433 2162 1738 2234 cassidis
1788 2164 1959 2234 ictui
2007 2161 2289 2255 objecta
2337 2183 2622 2234 mucro-

607 2288 770 2337 nem
840 2267 1166 2357 excepit',
1232 2259 1470 2349 ferro,
1537 2264 1692 2332 auri
1745 2263 2029 2348 decisa,
2096 2260 2362 2334 cellum
2428 2261 2621 2335 haud

607 2366 871 2437 leviter
919 2362 1377 2450 vulnerante,
1446 2383 1589 2458 quo
1643 2362 1831 2434 facto
1880 2383 2017 2435 rex
2075 2383 2164 2434 se
2213 2364 2288 2432 in
2341 2372 2620 2434 contra·-

606 2470 779 2537 riam
830 2472 1101 2558 partem
1154 2484 1247 2534 ex
1300 2484 1489 2558 equo
1543 2461 1841 2555 dejecit:
1911 2484 1997 2534 ac
2058 2482 2228 2533 mex
2278 2461 2495 2555 gladii
2547 2471 2625 2535 et

607 2587 808 2660 gaesa
872 2567 947 2634 in
1009 2562 1480 2655 Brynjolvum
1549 2563 1735 2634 adeo
1806 2562 2032 2634 dense
2105 2565 2384 2653 ingesta
2432 2573 2624 2649 sunt,
2718 2572 2723 2575 ’

606 2675 686 2737 ut
747 2669 871 2737 vix
936 2663 1200 2749 cadere
1255 2661 1348 2734 oh
1412 2660 1925 2732 multitudinem
1992 2662 2298 2733 telorum
2348 2673 2621 2755 posset.

606 2763 773 2854 Quo
823 2761 1124 2833 tumultu
1189 2764 1476 2833 occisus
1548 2769 1664 2833 est
1712 2760 1875 2832 Ivar
1927 2760 2247 2847 Gallius,
2317 2766 2625 2854 ejusque
2724 2797 2731 2800 -

606 2872 956 2956 cognatus
998 2857 1340 2953 Gyrdus2
1390 2858 1795 2952 SkjomiuS,
1863 2864 1984 2956 qui
2049 2860 2392 2932 humeros
2460 2864 2623 2954 ejus
2722 2911 2727 2916 -

604 2960 1023 3034 sustinebat.
1101 2958 1180 3029 In
1232 2964 1500 3053 campis
1543 2958 1734 3031 Ilaeis
1784 2960 1858 3050 lii
1893 2961 2218 3053 praefecti
2246 2961 2618 3032 cecidere:

603 3061 948 3132 Nicolaus
1007 3058 1352 3147 Mondul,
1420 3059 1770 3155 [Andreae
1837 3058 2101 3148 filius³,
2166 3060 2314 3132 Jon
2363 3059 2620 3149 Kula4,

461 3271 464 3272 ἡ
555 3162 916 3262 xKolbein
966 3157 1218 3233 Gislii⁵
1267 3159 1457 3231 filius
1522 3173 1598 3233 et
1663 3159 1990 3233 Eirikus⁶
2037 3158 2390 3232 Laukus⁷.
2490 3160 2618 3232 Ni·-

604 3263 856 3334 colaus
891 3260 1199 3335 Mondul
1252 3270 1545 3333 ceteros
1596 3261 1920 3332 homines
1971 3264 2224 3333 virium
2273 3262 2616 3352 magnitu-

604 3362 770 3433 dine
819 3360 1238 3455 superabat,
1304 3370 1659 3453 tantaeque
1712 3361 2055 3432 firmitatis
2106 3357 2440 3433 loricamfl
2491 3360 2617 3432 ha-

601 3460 858 3546 bebat,
927 3469 1006 3538 ut
1041 3458 1268 3531 -ferro
1335 3458 1590 3531 violari
1654 3462 1999 3552 nequiret.
2111 3458 2250 3531 Hic
2314 3470 2617 3555 utraque

599 3579 811 3631 manu
861 3559 1171 3652 gladium
1221 3555 1491 3628 librans
1541 3558 1936 3650 pugnabat,
2003 3569 2080 3632 et
2130 3561 2398 3632 ceteris
2448 3582 2615 3654 pro·

601 3662 843 3732 stratis
894 3641 1318 3751 aliquamdiu
1364 3656 1571 3729 solus
1620 3680 1925 3751 pugnam
1974 3658 2406 3747 sustinebat3
2475 3661 2617 3733 sed

600 3760 883 3831 tandem
916 3758 1336 3830 lassitudine
1388 3756 1763 3830 confectus
1796 3759 2197 3853 prqcuhuit,
2248 3759 2617 3855 loricaque

672 3906 723 3979 ¹)
759 3908 967 3963 Blandii
1004 3908 1190 3976 filius,'
1221 3908 1527 3964 Eindridius
1564 3909 1714 3964 sonis
1751 3910 1917 3976 filius,
1959 3909 2027 3963 G.
2097 3908 2150 3979 ¹)
2188 3908 2472 3979 Sigus-dut,
2508 3913 2615 3962 eet·

554 3990 564 3995 ”
599 3998 646 4062 ⁸)
687 3997 766 4063 B,
808 3997 886 4061 F3
937 4000 1201 4065 Andreae,
1243 3998 1326 4063 A‚·
1370 4016 1471 4052 om.
1518 3999 1589 4056 G.
1689 4000 1741 4066 ⁴)
1775 4000 2005 4067 Kallius,
2055 3998 2139 4065 B‚·
2185 4000 2360 4056 Risin-
2396 3998 2617 4074 Sin-epp?

597 4092 755 4158 filius,
795 4089 856 4145 F.
926 4089 976 4156 ⁶)
1014 4090 1178 4158 Giufi,
1218 4087 1284 4143 G.
1354 4090 1407 4161 ⁶)
1442 4092 1623 4162 Eiuar,
1662 4091 1727 4146 Β.
1798 4092 1848 4159 7)
1884 4094 2149 4148 balneator
2173 4090 2423 4167 Spiknevi
2457 4094 2616 4164 filius.

604 4183 664 4236 F.
735 4184 786 4249 ⁸)
820 4200 869 4239 ct
906 4205 1097 4245 ocreas,
1138 4182 1265 4237 add.
1310 4181 1372 4234 F.
