2950 4709
541 281 662 369 56
982 306 1349 357 merome
1401 302 1628 365 nnete
1681 304 2119 368 emanente.
2233 300 2552 368 c,31-32‚

550 492 902 563 sterion-es
972 488 1412 585 equitabant,
1474 492 1669 561 scire
1737 497 2102 582 poterant,
2182 489 2352 584 quid
2416 492 2558 560 iter-

547 612 843 677 eorum,
906 593 1025 685 qui
1075 611 1331 682 agmen
1384 590 1775 676 ducebant,
1840 590 2260 683 impediret:
2315 592 2556 682 itaque

552 689 1071 782 conglobaruut
1100 709 1299 776 sese,
1351 690 1518 784 quid
1555 693 1661 760 rei
1697 700 1921 776 esset,
1973 694 2255 764 omniuo
2298 693 2554 781 ignari3

548 788 986 862 Birkiheinis
1036 794 1310 860 interea
1361 793 1767 865 continuum
1806 793 2215 881 sagittarum
2247 788 2553 861 nimbum

552 891 1098 962 effundentibus.
1178 888 1342 981 Qua
1379 912 1461 977 re
1516 890 1794 976 hosteS,
1846 912 2181 981 magnam
2201 887 2553 964 hominum

549 990 1066 1062 multitudinem
1123 994 1401 1064 versari
1469 994 1539 1060 in
1589 988 1772 1061 silva
1824 994 1996 1076 rati,
2061 989 2299 1083 fugam
2350 1009 2556 1083 quam

549 1090 931 1164 celerrime
1003 1093 1516 1182 corripuerunt.
1615 1088 1827 1180 Quos
1891 1091 2255 1182 fugientes
2320 1087 2555 1159 Birki·

550 1190 765 1277 keini,
818 1191 1051 1284 quoad
1080 1199 1487 1283 potuerunt,
1536 1189 2130 1283 insequebantur3
2183 1210 2387 1260 mane
2426 1210 2555 1260 ve·

549 1311 671 1376 ro,
754 1311 912 1367 cum
975 1288 1375 1376 illuxisset,
1460 1293 1782 1376 reversi,
1848 1289 2113 1363 multos
2185 1310 2414 1384 equos
2482 1297 2602 1384 Gt,

553 1389 1044 1481 duodeviginti
1098 1389 1423 1461 homines
1475 1388 1863 1464 confossos
1912 1400 2355 1482 repererunt.

615 1490 740 1567 De
787 1489 1143 1565 miraculo
1167 1492 1395 1586 ,νομὰς
1456 1487 1678 1562 Olam‘
1725 1494 1971 1562 sancti
1999 1511 2203 1586 -erqa
2247 1511 2493 1586 reqem

1334 1587 1782 1667 Svmerem.
1881 1615 1885 1621 ’

751 1690 871 1772 32,
951 1690 1311 1764 Autumno
1367 1693 1687 1785 ‘proxime
1728 1692 2133 1787 insequenti
2169 1712 2305 1774 rex
2333 1689 2557 1763 Sver-

548 1812 701 1865 rer·
738 1790 1034 1863 boream
1095 1813 1358 1863 versus
1414 1793 1487 1861 in
1516 1789 2111 1880 Thrandheimum
2164 1790 2558 1884 profectu&

530 1892 750 1984 ‘regis
799 1892 1052 1984 Magni
1103 1890 1361 1966 milites
1409 1893 1481 1960 in
1534 1894 1852 1984 emporio
1904 1913 2157 1985 magna
2204 1889 2558 1973 cladeaf-

548 1990 758 2077 fecit,
825 1994 1336 2086 victoriamque
1388 1995 1820 2082 reportavit,
1891 2003 1970 2064 et
2034 1994 2282 2063 decem
2334 2014 2559 2078 naves

550 2092 755 2184 cepit.
855 2090 1196 2163 Proximo
1266 2101 1503 2162 autem
1573 2112 1753 2163 vere
1808 2113 1965 2163 cum
2020 2096 2248 2185 copiis
2304 2113 2347 2163 e
2398 2095 2560 2163 sinu

550 2212 964 2282 egressus,
1009 2193 1377 2262 meridiem
1447 2210 1710 2264 versus
1781 2195 1853 2261 in
1904 2193 2228 2265 Maeriam
2280 2191 2558 2286 profici·

549 2312 790 2378 scenS,
845 2313 1003 2363 cum
1055 2296 1128 2362 in
1183 2292 1610 2362 meridianas
1664 2291 1901 2385 pelagi
1952 2304 2196 2387 partes
2228 2294 2559 2363 devenis-

548 2400 705 2479 set,
773 2414 1059 2465 cursum
1130 2404 1333 2464 extra
1383 2390 1655 2472 insulas
1709 2393 1987 2465 direxit.
2090 2392 2232 2464 Ubi
2285 2414 2467 2464 vero
2518 2415 2562 2463 a

548 2496 1058 2585 septemtrione
1110 2497 1537 2585 navigantes
1587 2491 1882 2565 Stadum
1933 2491 2559 2587 praetervehehan-

548 2601 688 2678 tur,
739 2594 993 2665 obvios
1047 2593 1449 2664 habueruut
1492 2613 1742 2685 regem
1771 2594 2140 2686 Magnum,
2189 2592 2559 2684 Erlingum
2680 2669 2698 2694 l

551 2690 963 2783 dynastam,
1046 2692 1662 2792 archiepiscopum
1733 2693 2195 2786 Eysteinem,
2264 2691 2560 2767 Ormum

548 2792 750 2883 regis
799 2791 1123 2879 fratrem,
1179 2790 1735 2886 compluresque
1784 2793 2196 2888 praefectos,
2249 2797 2366 2888 qui
2418 2815 2559 2864 ma-

548 2913 763 2981 gnum
850 2896 1240 2976 exercitum
1330 2895 1809 2992 ingentesque
1896 2915 2123 2971 naves
2187 2893 2559 2968 habebant.

548 2989 725 3062 Cum
791 3013 927 3068 rex
979 2990 1295 3065 Sverrer
1371 3003 1508 3065 tam
1576 2995 1938 3086 ingentem
2006 2995 2315 3068 classem
2357 3016 2559 3065 ‘con-

546 3095 935 3187 spexisset,
988 3104 1064 3166 et
1110 3097 1395 3188 utrique
1447 3095 1633 3164 inter
1681 3115 1767 3165 se
1800 3099 2284 3188 agnovissent,
2337 3092 2558 3167 Sver·

545 3194 805 3264 retiani
891 3195 1105 3267 altum
1169 3198 1569 3289 petierunt,
1648 3194 1836 3267 velis
1920 3200 2278 3290 remisque
2353 3216 2557 3301 quam

545 3297 850 3367 maxime
917 3306 1222 3388 potuere
1288 3293 1830 3367 contendentes.
1961 3294 2128 3386 Quo
2196 3299 2358 3372 viso
2426 3316 2561 3365 rex

546 3392 863 3483 Magnus
916 3416 1074 3465 cum
1126 3398 1282 3465 suis
1335 3414 1469 3464 eos
1520 3393 1704 3466 velis
1756 3397 2122 3488 remisque
2172 3418 2378 3490 quam
2431 3416 2557 3467 ve-

545 3489 1079 3568 hementissime
1147 3495 1428 3586 insequi
1500 3496 1726 3586 coepit.
1831 3493 1976 3585 Qui
2043 3517 2203 3570 cum
2256 3494 2561 3569 navibus

545 3593 747 3682 regis
814 3590 1195 3667 Sverreris
1263 3595 1359 3666 ita
1409 3591 2138 3688 adpropinquassent,
2206 3605 2287 3673 ut
2336 3599 2562 3682 navis,

547 3713 783 3786 quam-
823 3691 1164 3785 Erlingus
1242 3694 1543 3787 dynasta
1610 3693 1955 3782 ducebat,
2040 3716 2185 3767 non
2254 3693 2565 3788 longiori

546 3793 779 3885 spatio
813 3791 1132 3881 abesset,
1183 3816 1389 3889 quam
1434 3802 1515 3865 ut
1550 3796 1661 3866 vir
1691 3814 1734 3866 e
1765 3799 1967 3867 navis
2017 3793 2333 3873 tabulato
2387 3816 2562 3867 ocu-

549 3890 640 3972 lis
694 3895 891 3982 cer-ni
940 3905 1213 3986 posset,
1269 3895 1593 3988 dynasta,
1645 3894 1939 3973 inhibito
1982 3916 2202 3969 cursu
2253 3895 2561 3987 (v.·suh-

549 3993 817 4063 strictis
898 3993 1154 4087 velis),
1239 4016 1533 4068 suorum
1614 3995 1991 4069 adventum
2077 3994 2564 4088 exspectabat,

547 4089 694 4168 Ubi
742 4111 920 4171 vero
952 4114 1206 4172 omnes
1253 4115 1501 4183 naves,
1552 4118 1715 4196 quae
1742 4094 2386 4198 subsequebantur,
2436 4096 2561 4175 ad·
