2950 4709
532 332 546 349 ’
627 334 797 432 ΠΘ
1055 354 1422 412 maroam
1473 352 1703 405 nnete
1754 351 2195 406 mannans.
2235 346 2636 422 c,103.1o4.

622 556 854 623 ortum
909 552 1042 618 est.
1117 538 1379 640 Neque
1406 538 1870 614 Thorolviani
1920 543 2121 635 prius
2174 539 2630 628 destiterunt,

506 649 515 656 ”
625 669 833 745 quam
882 647 1087 718 navis
1135 641 1783 741 propugnatoribus
1835 651 2039 714 esset
2087 643 2386 729 nudata,
2448 641 2632 714 mul-

622 753 717 822 tis
743 745 1201 842 stipatoribus
1229 746 1629 838 prostratiS,
1677 741 2049 837 plerisque
2101 764 2280 815 vero
2308 746 2383 841 ip
2431 763 2628 814 mare

622 870 710 922 se
789 844 1401 942 praecipitantibus.
1502 841 1670 935 Quo
1737 845 2027 936 cognito
2095 864 2232 915 rex
2295 845 2632 929 accessit,

626 958 722 1036 et,
772 948 980 1020 sactis
1023 946 1323 1018 induciis
1351 941 1782 1066 ‘indictoque
1834 953 2190 1016 conventu
2240 947 2311 1015 in
2362 954 2632 1076 ceriam

626 1049 837 1136 diem,
889 1044 1299 1142 praeliantes
1349 1047 1421 1116 in
1470 1047 1767 1138 gratiam
1814 1044 2120 1116 reduxit.

701 1147 964 1221 Oratio
1013 1149 1216 1240 regis
1266 1137 1658 1219 Somem's
1703 1148 1785 1216 in
1834 1140 2257 1216 ebrietatmn
2305 1140 2576 1217 habita.

826 1246 993 1319 104.
1094 1243 1279 1317 Post
1344 1245 1704 1339 aliquanto
1761 1264 1899 1316 rex
1948 1242 2262 1316 Sverrer
2312 1265 2634 1318 conven-

621 1357 765 1424 tum
817 1350 889 1421 in
940 1347 1203 1441 oppido
1254 1345 1519 1432 habuit,
1568 1342 1834 1439 talique
1888 1348 2211 1416 oratione
2262 1366 2439 1417 usus
2473 1355 2630 1417 est:

623 1451 889 1544 gratias
939 1451 1214 1540 agimus
1264 1444 1592 1518 omnibus
1638 1444 1899 1537 Anglis
1951 1443 2092 1517 buc
2146 1445 2441 1532 delatiS,
2508 1446 2632 1542 qui

621 1551 928 1624 triticum
981 1557 1056 1621 et
1103 1546 1269 1634 mel,
1318 1545 1678 1639 siliginem
1725 1555 1846 1618 aut
1898 1567 2167 1639 pannos
2198 1545 2339 1617 buc
2367 1548 2629 1641 impor-

620 1661 792 1738 tant,
842 1653 1009 1727 item
1055 1647 1403 1734 omnibuS,
1454 1649 1575 1742 qui
1607 1646 1895 1720 linteum
1933 1656 2053 1718 aut
2103 1645 2341 1733 linum,
2389 1668 2631 1720 ceram

623 1762 745 1825 ant
812 1751 1098 1824 lebetes
1166 1752 1612 1820 invexerunt.
1714 1744 1998 1837 Quibus
2048 1747 2416 1841 adjicimus
2470 1768 2634 1835 eos,

624 1855 743 1947 qui
812 1872 907 1922 ex
985 1847 1393 1921 orcadibus
1464 1855 1587 1919 aut
1655 1846 2077 1940 Hjaltlandia
2143 1857 2264 1920 aut
2327 1845 2632 1920 Faeroeis

623 1960 744 2022 aut
792 1948 1098 2022 islandia
1147 1950 1284 2021 adi
1289 1957 1631 2035 enei-unt,
1681 1941 2116 2043 ceterosque
2171 1968 2458 2035 omneS,
2509 1950 2631 2043 qui

621 2054 696 2124 in
746 2050 928 2122 banc
978 2060 1239 2120 terram
1291 2051 1751 2142 importarunt
1798 2070 1950 2135 reS,
2003 2052 2111 2122 rei
2154 2048 2459 2150 publicae
2500 2069 2630 2122 ne·

624 2143 1080 2222 cessitatibus
1178 2159 1253 2221 et
1331 2146 1584 2220 usibus
1661 2150 2161 2221 inservientes.
2287 2147 2630 2222 Germani

623 2260 896 2335 autem,
946 2267 1246 2346 quorum
1301 2268 1553 2342 magna
1604 2248 1975 2321 multitudo
2028 2270 2184 2321 cum
2238 2250 2630 2342 grandibus

622 2350 924 2424 navibus
988 2350 1127 2422 huc
1176 2351 1505 2436 advenit,
1588 2347 1935 2442 butyrum·
1976 2360 2050 2421 et
2100 2353 2345 2444 pisces
2394 2351 2628 2423 arefa-

623 2462 784 2525 ctos
853 2454 1324 2546 exportaturi,
1390 2450 1506 2522 his
1568 2449 1963 2523 evehendis
2025 2473 2354 2544 magnum
2408 2452 2630 2524 detri-

622 2563 932 2628 mentum
982 2550 1091 2623 rei
1142 2549 1446 2646 publicae
1499 2547 1919 2637 attulerunt,
1987 2554 2360 2645 importato
2408 2554 2627 2625 vicis·

623 2657 755 2726 sim
808 2656 1013 2738 vino,
1078 2652 1169 2723 ad
1238 2651 1428 2746 quod
1501 2652 1876 2723 emendum
1929 2660 2003 2723 et
2054 2650 2313 2735 milites
2362 2654 2503 2723 mei
2553 2662 2630 2728 et

622 2753 957 2846 oppidani
1022 2751 1285 2825 inducti
1350 2760 1534 2823 sunt.
1650 2751 1767 2823 Ex
1833 2775 1972 2846 qua
2040 2755 2350 2824 emtione
2414 2752 2628 2826 multa

621 2850 844 2942 mala,
905 2850 1075 2921 nihil
1138 2849 1307 2922 boni
1371 2849 1768 2945 profectum
1824 2861 1975 2924 est:
2039 2850 2220 2924 lianc
2289 2856 2475 2924 enim
2529 2853 2626 2926 ob

623 2973 907 3024 causam
972 2950 1171 3022 multi
1237 2953 1490 3037 vitam,
1574 2948 1691 3020 alii
1761 2952 2074 3023 membra
2136 2952 2625 3046 perdiderunt,

621 3051 741 3124 alii
809 3073 944 3147 per
1009 3061 1225 3124 totam
1279 3060 1560 3123 aetatem
1614 3053 2027 3139 cicatrices,
2093 3051 2209 3123 alii
2253 3055 2674 3146 ignomini-·

622 3173 773 3241 am,
826 3152 1175 3226 vulnerati
1227 3161 1347 3224 aut
1396 3154 1773 3246 percussi,
1813 3162 2108 3245 gerunt3
2160 3175 2454 3247 quarum
2503 3175 2626 3226 re-

621 3275 776 3327 rum
828 3276 1042 3328 eausa
1074 3264 1210 3340 ,est
1241 3254 1445 3324 nimia
1485 3250 1817 3324 ebrietas.
1886 3250 2071 3343 Quae
2102 3252 2622 3327 Germanorum

621 3358 1012 3446 negotiatio
1080 3376 1239 3425 cum
1306 3353 1472 3424 mibi
1526 3355 1998 3443 ingratissima
2047 3355 2179 3440 sit,
2258 3375 2393 3425 eos
2459 3354 2626 3428 hinc

622 3475 827 3548 quam
879 3456 1172 3547 primum
1224 3452 1627 3523 abscedere
1668 3452 1919 3543 jubeo,
1968 3452 2184 3524 modo
2233 3457 2444 3526 vitam
2494 3477 2623 3548 pe-

622 3553 1011 3645 cuniasque
1066 3554 1383 3643 integras
1433 3554 1748 3621 retinere
1802 3552 2058 3642 velint3
2130 3553 2383 3626 horum
2437 3558 2624 3626 eni-m

622 3652 972 3724 adventus
1039 3650 1247 3722 nobis
1314 3661 1708 3744 nostroque
1757 3673 1988 3744 regno
2043 3653 2426 3726 damnosus
2477 3654 2624 3728 suit.

619 3751 756 3824 Est
802 3760 881 3823 ut
944 3751 1453 3838 recordemini,
1520 3751 1692 3847 quid
1756 3751 2049 3840 efficiat,
2114 3755 2280 3848 quid
2350 3755 2624 3843 afferat,

621 3851 790 3946 quid
857 3851 1110 3948 perdat
1178 3852 1511 3925 ebrietas.
1611 3849 1898 3940 Primo,
1964 3854 2038 3924 id
2092 3855 2284 3949 quod
2336 3854 2622 3928 levissi-

620 3974 805 4026 mum
860 3962 1008 4039 est,
1057 3955 1157 4040 is,
1206 3956 1329 4049 qui
1379 3952 1707 4024 ebrietati
1757 3952 2120 4047 indulget,
2171 3974 2424 4028 omnes
2472 3954 2622 4026 sor-

620 4060 829 4124 tunas
882 4055 1163 4140 evertit,
1217 4050 1693 4126 temulentiam
1747 4055 2050 4149 ejusque
2076 4053 2441 4149 sequelas,
2491 4054 2625 4126 bo-

621 4172 873 4226 norum
908 4155 1253 4241 .omnium·
1314 4153 1639 4225 damnum
1709 4162 1785 4224 et
1837 4156 2226 4246 jacturam,
2310 4156 2627 4230 vicism
