2950 4709
576 312 727 412 24ν
1011 296 1377 394 maroam
1432 336 1655 386 nnete
1708 336 2143 400 evanituras.
2369 338 2445 402 c,
2479 335 2583 400 14,

582 519 1012 593 Saltnesium
1063 524 1436 613 praemisit,
1504 522 1946 608 existimanS,
1998 521 2067 593 id
2119 522 2305 615 quod
2364 529 2582 592 even-

581 630 697 692 tus
748 631 1002 714 postea
1053 621 1315 707 docuit,
1369 642 1525 706 eoS,
1578 621 1740 692 dum
1793 625 1950 715 ipse
2002 620 2151 694 dux
2202 643 2346 693 non
2372 620 2583 693 ades-

580 731 737 807 set,
799 724 1029 792 minus
1079 743 1304 814 posse
1356 720 1611 792 callida
1666 720 1964 793 consilia
2017 743 2301 793 cavere.
2401 720 2586 792 Nam
2673 771 2683 780 -

576 824 652 892 in
705 820 845 894 hoc
896 825 1150 892 itinere
1203 819 1560 914 Sigurdus
1612 820 1939 893 omnibus
1990 822 2329 910 navibus,
2407 843 2586 915 quas

504 960 510 964 <
578 923 667 993 ad
723 923 1053 995 tuendam
1111 925 1478 1012 regionem
1533 932 1812 1015 paratas
1862 920 2254 1007 habehant,
2321 925 2588 1015 potitus
2695 1001 2706 1022 Ι

580 1032 716 1095 est.
820 1020 980 1114 Qua
1033 1044 1115 1092 re
1167 975 1420 1093 sactum
1476 1032 1612 1110 est,
1671 1032 1746 1094 ut
1798 1022 2060 1109 coloni,
2111 1023 2408 1094 navibus
2460 1022 2585 1096 de-

487 1139 489 1144 “
570 1125 845 1209 stituti,
901 1124 1209 1194 adventu
1262 1125 1488 1215 ipsius
1540 1125 1738 1213 regis
1788 1123 1880 1194 ad
1933 1123 2363 1195 deditionem
2415 1144 2587 1192 con-

575 1222 839 1321 :sugere
910 1232 1362 1341 cogerentur.
1462 1221 1566 1291 Ibi
1633 1223 1829 1294 multi
1899 1233 2102 1295 erant
2169 1244 2267 1294 ex
2327 1221 2587 1316 praefe-

583 1326 720 1394 ctis
771 1315 1018 1415 Magni
1072 1326 1310 1415 regis,
1378 1325 1495 1418 qni
1550 1340 1800 1395 omnes
1850 1324 1938 1395 ad
1991 1326 2190 1417 pacis
2241 1324 2587 1406 conditio-

582 1445 716 1493 nes
790 1424 1339 1494 descenderunt.
1438 1422 1707 1498 Ibidem
1778 1426 2105 1496 convivia
2167 1426 2324 1516 regi
2376 1444 2586 1519 appa·

581 1534 755 1611 rata,
808 1526 1035 1595 omnia
1089 1524 1315 1606 officia
1365 1504 1864 1617 hospitalitatis
1913 1528 2251 1617 praestita,
2306 1524 2588 1617 datique

582 1624 842 1696 milites
895 1625 1354 1717 quadraginta
1373 1621 1426 1695 ¹.
1529 1623 1738 1712 Inde,
1780 1624 1893 1696 his
1947 1624 2296 1696 confectis
2342 1623 2589 1708 rebuS,

586 1725 900 1816 digressi
951 1728 1089 1796 iter
1140 1728 1653 1812 continuarunt,
1706 1729 1919 1796 tantis
1950 1726 2408 1797 circumventi
2456 1722 2588 1794 dif-

526 1881 533 1888 „
583 1823 1042 1911 licultatibus,
1106 1835 1183 1896 ut
1245 1828 1555 1920 quinque
1621 1826 1893 1896 dierum
1932 1828 2172 1917 *spatio
2225 1845 2435 1895 nemo
2489 1826 2587 1894 ci—

583 1924 748 1997 bum
803 1934 1154 2011 sumeret,
1205 1945 1413 1995 nemo
1465 1945 1785 1995 somnum
1840 1936 2166 2018 caperet3
2221 1946 2352 1995 rex
2407 1927 2589 1995 enim

582 2025 832 2096 famam
887 2025 978 2095 (le
1010 2026 1319 2097 adventu
1349 2047 1486 2108 suo
1520 2046 1967 2118 praecurrere
2009 2024 2252 2096 noluit.
2328 2025 2590 2109 Nocte,
2661 2047 2670 2056 ·

584 2125 773 2195 diem
824 2124 1174 2212 Veneris,
1254 2128 1372 2218 qui
1439 2128 1836 2218 proximus-
1878 2138 2030 2197 erat
2098 2136 2262 2197 ante
2328 2125 2590 2196 festum
2673 2215 2676 2218 Ι

583 2234 1080 2320 pentecostes,
1149 2225 1608 2319 praecedente
1678 2225 1937 2319 oppido
1990 2226 2634 2320 adpropinquavit.‘

585 2325 1265 2419 Quorum-cognito
1333 2327 1679 2412 adventu,
1764 2327 2098 2420 oppidani
2165 2348 2324 2397 eum
2394 2324 2622 2404 mille,

583 2429 964 2519 nongentis
1034 2430 1281 2519 viginti
1350 2426 1686 2499 militibus
1748 2427 2007 2504 flumen
2056 2426 2309 2498 Nidam
2363 2436 2591 2498 trans-

586 2531 828 2619 gressi
895 2527 1246 2599 adversus
1320 2550 1452 2599 eos
1505 2528 2062 2614 contenderunt,
2126 2526 2424 2598 ducibus
2475 2524 2589 2595 Si-

585 2629 816 2719 gurdo
843 2627 1122 2699 Nicolai
1143 2625 1202 2713 2,
1253 2628 1502 2716 Eiriko
1548 2627 1776 2714 Arnii,
1825 2621 2033 2699 Ivare
2061 2628 2334 2714 Hortio,
2384 2625 2590 2697 lvare

586 2724 890 2798 Selkio³
964 2737 1038 2798 et
1104 2725 1311 2798 Ivare
1383 2726 1710 2820 Gjavaldi
1779 2727 1945 2798 filio.
2060 2725 2228 2819 Quo
2291 2729 2593 2800 animum

585 2828 902 2900 adverso
972 2849 1106 2898 rex
1157 2829 1315 2919 ipse
1370 2849 1513 2899 uno
1569 2830 1847 2900 nomine
1904 2826 2157 2899 Jone4
2223 2831 2595 2901 comitatus

535 2926 1030 3021 ,speculatum
1084 2926 1452 3020 profectus
1506 2937 1661 3015 est,
1727 2928 2178 3023 hostiumque
2240 2931 2596 3000 exercitui

585 3049 758 3105 sese
835 3031 1334 3117 intermiscuit3
1434 3050 1734 3123 cumque
1820 3038 2022 3100 certo
2102 3032 2596 3123 comperisset,

585 3138 844 3223 quanto
913 3135 1117 3200 esset
1184 3150 1481 3201 numero
1550 3132 1907 3224 copiarum
1963 3129 2295 3215 inferior,
2370 3126 2595 3221 praelii

584 3229 935 3301 fortunam
1005 3253 1165 3301 cum
1236 3237 1517 3303 centum
1590 3241 1663 3302 et
1717 3233 1967 3322 viginti
2019 3233 2194 3302 viris
2245 3230 2597 3302 adversus

584 3329 778 3400 mille
833 3329 1268 3423 [nongentos
1319 3328 1622 3421 viginti⁵
1698 3331 2224 3423 periclitandam
2292 3352 2431 3400 non
2484 3349 2595 3397 ra·

585 3439 737 3514 ωε,
810 3450 894 3498 ea
947 3432 1108 3500 vice
1160 3450 1246 3499 se
1303 3452 1459 3500 cum
1513 3432 1666 3524 suis
1716 3433 2009 3522 recepit.
2110 3423 2394 3500 lnte'rea
2445 3427 2594 3499 col-

586 3528 776 3599 lecta
859 3527 1366 3599 Selhoeusium
1452 3551 1743 3616 manuS‚
1826 3551 2155 3601 numero·
2207 3530 2595 3621 octingenti

589 3630 1069 3724 quadraginta,
1125 3649 1257 3699 eos
1293 3650 1335 3699 a
1365 3631 1659 3700 transitu
1689 3628 2073 3724 prohibere
2117 3633 2379 3715 statuit,
2435 3650 2596 3700 cum

587 3728 850 3799 milites
931 3733 1130 3820 regis
1202 3727 1581 3801 Sverreris
1648 3731 1832 3801 adeo
1902 3741 2154 3802 essent
2226 3731 2597 3824 perpetuis

589 3829 856 3921 vigiliis
905 3829 1174 3916 affecti,
1243 3839 1319 3901 ut
1379 3832 1848 3926 requiescere
1904 3840 2357 3924 cogerentur.
2457 3828 2594 3898 lta-

660 3976 714 4046 ἶ)
752 3979 958 4054 ᾳσῐενίς
1005 3980 1285 4054 sexaginta,
1326 3979 1391 4043 A,
1431 3980 1496 4033 B.
1602 3981 1650 4046 ²)
1695 3981 1759 4045 F,
1801 3981 1883 4045 G3
1928 3983 2164 4056 Nicolagi
2200 3988 2300 4033 aut
2336 3981 2599 4053 Sticolagi‚

589 4071 652 4125 A.
738 4070 785 4135 ⁸)
828 4069 874 4122 G
886 4089 909 4134 ,⁰
945 4069 1172 4140 snake,
1208 4071 1266 4128 k.
1304 4072 1343 4124 l.
1380 4071 1431 4123 Α
1466 4070 1553 4141 (iu
1587 4088 1767 4144 sequ„
1803 4073 2025 4144 Silkio);
2073 4074 2270 4139 sithiu,
2314 4071 2377 4137 F,
2418 4072 2485 4136 B,
2523 4067 2595 4123 fl.

586 4164 636 4236 ⁴)
675 4164 869 4234 Utine,
907 4164 1036 4218 add.
1074 4165 1137 4218 A.
1212 4163 1257 4232 ⁶)
1296 4165 1703 4241 quadringentos
1740 4165 2095 4242 qnadraginta,
2134 4163 2200 4219 B.
