2950 4709
609 330 777 423 112
1037 354 1402 408 urs-roms
1461 352 1689 408 unsre
1742 303 2181 410 aventinum.
2296 407 2309 416 „
2407 351 2614 424 aaz,

599 536 868 632 templo
936 558 980 610 e
1047 537 1350 610 navibus
1414 537 1898 627 desiluerunt,
1968 541 2143 625 mari
2211 536 2327 612 ala
2403 546 2617 614 tenus

599 641 1037 734 pertinente:
1092 638 1259 708 dein
1309 640 1382 708 iu
1417 637 1586 710 litus
1630 642 1916 731 egressi
1942 650 2130 727 sunt,
2177 638 2617 712 Birkibeinis

599 739 878 816 obviam
929 738 1507 831 procedentibus.
1609 740 1797 812 Mox
1847 760 2015 812 acre
2066 737 2385 833 praelium
2423 760 2616 814 com-

595 842 903 919 mittitur.
1004 836 1140 910 Hic
1186 836 1383 911 Kolo
1434 837 1725 912 militum
1777 838 2072 933 aliquis:
2119 843 2263 932 jam
2294 838 2616 912 Heklun-

600 961 740 1031 gos
789 941 861 1008 iu
913 958 1119 1012 amne
1184 958 1535 1030 egressos
1585 948 1777 1031 puto.
1838 938 2013 1011 -Cui
2062 938 2335 1014 Kolus:
2403 941 2619 1030 igitur

598 1042 782 1110 ratio
833 1036 1051 1112 fuerit
1099 1058 1363 1130 capere
1415 1037 1676 1130 fugam.
1781 1036 1963 1112 Tum
2015 1038 2307 1133 aliquis:
2376 1058 2614 1114 nonne

594 1136 1030 1212 Birkibeinis
1097 1135 1267 1230 fuga
1335 1159 1523 1220 nunc
1589 1139 2132 1231 intempestiva?
2234 1137 2471 1212 Kolus
2521 1138 2615 1216 ad

593 1236 788 1314 bunc
853 1236 1196 1310 celeriter
1261 1258 1704 1323 conversus,
1765 1241 1908 1331 jam
1972 1237 2089 1309 hic
2140 1238 2401 1312 adsunt
2449 1237 2615 1316 mali

593 1336 704 1412 illi
755 1340 1143 1423 daemoneS,
1196 1338 1549 1431 inquiens,
1601 1358 1764 1410 eum
1805 1336 2056 1429 ‚gladio
2087 1341 2472 1431 percussit,
2522 1338 2612 1414 ab

592 1438 722 1514 illo
773 1440 1090 1514 vicissim
1123 1439 1347 1531 ,ictus
1435 1434 1590 1508 Sed
1643 1459 1801 1509 cum
1832 1438 2125 1512 Eirikus
2173 1441 2372 1531 regis
2422 1438 2613 1514 filius

598 1541 901 1633 ejusque
956 1539 1183 1630 copiae
1234 1534 1612 1630 fugissent,
1663 1558 1832 1630 pars
1864 1537 2408 1631 Heklungorum
2461 1537 2611 1631 Ey-

506 1689 516 1698 -
592 1660 717 1718 ras
783 1659 1047 1711 versus
1098 1657 1493 1723 conversa,
1559 1637 1827 1710 Kolum
1891 1640 2192 1732 ejusque
2260 1640 2506 1712 socios
2568 1659 2614 1716 a

591 1749 806 1832 tergo
857 1739 1107 1814 adorta
1155 1758 1475 1829 magnam
1529 1747 1845 1832 stragem
1900 1737 2160 1826 edidit;
2211 1737 2329 1810 hic
2372 1737 2612 1814 Kolus

592 1861 752 1912 cum
804 1834 1290 1930 compluribus
1326 1840 1480 1914 suis
1521 1837 2110 1914 commilitonibus
2152 1838 2434 1925 cecidit,
2486 1860 2610 1914 ce-

589 1942 771 2012 teris
823 1936 1186 2022 omnibus,
1249 1939 1369 2030 qui
1436 1947 1902 2030 supererant,
1973 1938 2374 2033 quibusque
2442 1960 2611 2014 eva·

595 2039 812 2114 dendi
862 2035 1167 2109 facultas
1219 2035 1401 2122 data,
1456 2035 2004 2137 aufugientibus.
2080 2038 2372 2114 Eirikus
2408 2043 2611 2133 regis

591 2137 782 2211 filius
812 2157 1051 2209 arcem
1084 2155 1371 2221 versus,
1421 2136 1734 2230 indeque
1782 2139 1853 2210 iu
1893 2137 2398 2214 Gaulardalum
2443 2160 2609 2232 pro-

588 2236 788 2331 fugit.
889 2236 1050 2314 Una
1100 2256 1259 2312 cum
1303 2233 1415 2309 eo.
1458 2257 1760 2328 magnus
1805 2236 2079 2330 aufugit
2134 2237 2426 2314 militum
2480 2261 2610 2310 nu·

588 2358 868 2424 meruS,
935 2357 1105 2432 pars
1156 2357 1438 2410 sursum
1492 2341 1754 2412 versus
1804 2358 1939 2430 per
1991 2347 2340 2425 montem,
2409 2337 2610 2418 multi

589 2441 664 2513 in
713 2437 998 2532 templa,
1050 2457 1345 2532 quorum
1398 2435 1724 2531 plerique
1775 2446 1946 2510 sunt
1986 2438 2364 2526 interfecti,
2417 2438 2609 2533 quod

594 2559 687 2616 eo
737 2549 1063 2631 tempore
1133 2536 1404 2607 nullum
1472 2534 1810 2629 templum
1870 2541 1993 2630 Jus
2043 2537 2237 2631 asyli
2280 2543 2608 2632 cuiquam

590 2641 978 2733 praestitit·
1041 2635 1221 2708 Tum
1277 2637 1348 2712 id
1401 2634 1686 2721 factum,
1740 2638 1931 2730 quod
1987 2648 2150 2712 ante
2202 2639 2272 2710 id
2325 2648 2610 2732 tempus

589 2758 939 2831 nunquam
971 2736 1353 2818 acciderat,
1403 2743 1485 2806 ut
1512 2733 1839 2812 homiues
1871 2739 2039 2809 oede
2075 2736 2340 2812 Christi
2370 2750 2609 2814 extra·

591 2839 688 2912 cti
738 2844 1186 2907 necarentur.
1287 2833 1663 2925 Eyvindus
1715 2834 2062 2930 Skrapius
2124 2859 2385 2910 nomen
2454 2848 2610 2916 erat

587 2938 770 3022 viro,
821 2938 940 3008 uui
993 2954 1085 3006 ex
1113 2922 1401 3026 'priscis
1429 2932 1891 3024 Birkibeini&
1943 2939 2204 3030 insigni
2248 2937 2607 3028 bellatori,

587 3038 919 3129 corporis
969 3035 1361 3127 viriumque
1414 3035 1896 3126 magnitudine
1944 3041 2356 3130 praestanti3
2415 3037 2608 3122 hune

583 3137 657 3211 in
708 3135 934 3212 choro
966 3136 1145 3208 aedis
1179 3132 1444 3206 Christi
1487 3134 2085 3228 comprehensum
2114 3147 2604 3225 extraxerunt,

582 3235 953 3331 trahaeque
1006 3236 1410 3329 impositum
1481 3244 1556 3306 et
1623 3238 1693 3305 in
1743 3235 1982 3329 Eyras
2030 3245 2332 3312 tractum
2385 3241 2604 3312 inter-

583 3335 931 3412 fecerunt.
1011 3333 1468 3424 Gudlaugum
1503 3333 1783 3406 Valium
1835 3338 1907 3407 in
1958 3336 2224 3429 templo
2274 3359 2602 3431 compre·

582 3434 885 3509 hensum
940 3434 1060 3506 diu
1110 3437 1179 3506 in
1208 3433 1535 3504 custodia
1573 3442 1978 3524 tenuerunt,
2031 3444 2107 3506 et
2136 3439 2604 3530 quaestionem

586 3533 680 3609 de
749 3553 843 3606 eo
911 3532 1349 3616 babuerunt,
1427 3540 1507 3601 ut
1574 3533 1952 3619 indicaret,
2030 3557 2175 3628 quo
2246 3535 2414 3616 loco
2466 3559 2605 3612 rex

584 3630 902 3708 Sverrer
950 3633 1292 3725 pecunias
1342 3650 1516 3701 suas
1567 3632 2042 3720 condidisset,
2094 3646 2215 3708 aut
2261 3636 2384 3710 ubi
2436 3659 2602 3712 ver-

581 3741 867 3806 saretur
935 3731 1125 3804 filius
1196 3736 1357 3823 ejus
1427 3725 1837 3818 Levat-dus.
1906 3754 2118 3827 quem
2168 3735 2604 3829 Gudlaugus
2674 3728 2679 3734 ’

583 3831 754 3904 olim
827 3833 1276 3904 educaverat.
1378 3827 1513 3906 Ille
1581 3840 1904 3904 neutrum
1967 3834 2334 3926 indicavit3
2408 3836 2606 3930 quod

581 3932 655 4002 in
709 3950 801 4002 eo
876 3940 992 4003 est
1042 3940 1296 4024 postea
1347 3950 1786 4024 magnopere
1837 3931 2332 4010 collaudatum.
2434 3934 2604 4010 Rex

578 4029 899 4123 Magnus
952 4029 1430 4122 Gudlaugum
1482 4030 1780 4106 interfici
1822 4034 2078 4123 jussit,
2149 4055 2389 4131 neque
2441 4034 2601 4114 fere

580 4132 955 4227 quisquam
1005 4152 1102 4206 ex
1150 4127 1617 4219 Birkibeinis‚
1667 4132 1872 4225 cujus
1919 4135 2234 4210 necandi
2275 4143 2603 4232 potestas
