2950 4709
401 384 476 450 G.
504 382 609 449 76.
839 364 1206 431 ms’roma
1262 378 1487 431 nnc-rs
1542 379 1977 429 svnmmms.
2199 459 2215 470 .
2247 327 2410 440 131

404 567 589 640 culae
633 566 883 659 injecit
932 564 1196 657 (ignem
1252 579 1293 635 e
1345 561 1643 656 specula
1698 560 2014 657 extulit);
2067 564 2258 657 quod
2308 575 2411 638 ta-

403 691 566 739 men
617 670 893 759 signum
948 687 991 734 a
1042 662 1523 757 speculatore,
1579 667 1697 759 qui
1743 666 2036 757 propius
2105 664 2197 734 ad
2263 688 2411 737 me-

405 769 659 839 ridiem
691 775 866 852 erat,
894 765 1348 835 animadverti
1378 784 1521 833 non
1556 765 1805 856 potuit,
1839 784 1995 833 nam
2022 761 2418 838 Birkibeini

406 870 830 960 necopinato
883 866 1522 957 supervenientes,
1576 861 2101 955 comprehenso
2155 885 2417 959 specu-

407 967 660 1051 latore,
712 964 1076 1059 speculam
1132 964 1518 1033 diruerunt.
1618 960 1786 1033 Rex
1855 983 2014 1033 cum
2065 967 2219 1036 suis
2268 986 2419 1036 me-

408 1069 661 1139 ridiem
737 1086 1000 1136 versus
1075 1063 1469 1133 secundum
1550 1066 1773 1157 ipsam
1854 1070 2116 1134 terram
2198 1069 2420 1139 remis

409 1175 796 1261 provectus
866 1173 1016 1249 est,
1099 1163 1196 1233 ibi
1266 1165 1448 1232 enim
1526 1165 1863 1234 montium
1928 1162 2177 1234 umbra
2243 1169 2421 1237 mari

410 1265 802 1360 ingruebat.
904 1262 1070 1334 Sed·
1113 1265 1521 1356 priusquam
1562 1260 1973 1334 Holdhellae
2023 1263 2417 1358 adremiga-

410 1378 648 1452 retur,
717 1386 852 1435 rex
904 1377 1063 1435 cum
1115 1365 1272 1433 suis
1321 1362 1509 1432 hunc
1560 1366 1629 1432 in
1681 1362 1963 1434 modum
2015 1362 2422 1438 collocutus

413 1475 563 1538 est:
617 1487 777 1536 cum
826 1463 1021 1535 nulla
1091 1462 1322 1533 adhuc
1394 1464 1882 1533 interveniens
1934 1483 2059 1533 res
2107 1474 2422 1536 nostram

410 1569 754 1638 rationem
840 1561 1290 1647 disturbarit,
1372 1561 1587 1632 facile
1653 1564 2047 1655 poterimus
2132 1583 2423 1635 cursum

410 1665 780 1738 meridiem
833 1684 1096 1735 versus
1130 1671 1393 1756 praeter
1422 1655 1756 1754 oppidum
1806 1672 2083 1748 tenere,
2134 1660 2423 1737 hostes-

412 1788 555 1862 que
610 1765 932 1856 effugere
985 1761 1668 1853 circumnavigando.
1771 1757 2122 1833 Omnibus
2187 1773 2424 1849 autem

414 1889 499 1941 se
553 1867 642 1937 ad
692 1865 1167 1936 incursionem
1232 1865 1302 1932 in
1371 1862 1705 1954 oppidum
1768 1865 2197 1954 promtiores
2251 1884 2425 1936 esse

418 1963 991 2049 ostendentibuS,
1043 1983 1175 2032 rex
1230 1982 1314 2032 se
1371 1961 1733 2032 dehortari
1786 1969 1919 2032 eos
1970 1960 2169 2033 nolle
2223 1963 2424 2052 dixit,

417 2086 601 2139 vero
656 2067 837 2136 enim
890 2083 1061 2134 esse
1112 2061 1452 2147 similius,
1503 2060 1971 2154 Heklungos,
2039 2066 2104 2135 si
2172 2085 2427 2135 somno

416 2166 671 2239 turbati
728 2163 1247 2248 excitarentur,
1321 2165 1483 2253 regi
1543 2183 1679 2233 suo
1752 2165 2082 2255 exiguam
2135 2184 2426 2257 operam

416 2278 838 2339 navaturos:
923 2285 1078 2333 nam
1149 2284 1302 2333 eum
1373 2260 1562 2333 haud
1633 2261 1849 2334 dubie
1916 2266 2083 2334 vino
2153 2268 2429 2356 gravati

419 2379 669 2439 somno
750 2384 837 2436 se
903 2362 1268 2449 dederint,
1346 2384 1674 2454 magnum
1751 2371 2003 2434 noster
2078 2365 2434 2436 adventus

297 2495 306 2508 ·
420 2477 769 2539 terrorem
827 2467 938 2535 eis
990 2466 1276 2555 injiciet.
1374 2462 1551 2532 Eam
1614 2483 1751 2534 nos
1815 2462 2267 2556 oppugnandi
2316 2486 2429 2534 ra-

419 2570 680 2639 tionem
732 2568 1220 2648 instituemuS,
1271 2569 1351 2633 ut
1398 2561 1692 2634 Eirikus
1740 2562 1964 2634 frater
2012 2583 2218 2633 meus
2270 2586 2432 2635 cum

423 2669 676 2739 decem
726 2665 1046 2736 maximis
1099 2661 1470 2734 celocibus
1521 2664 1681 2755 rupi
1723 2664 2143 2756 adremiget,
2190 2661 2431 2757 ibique

424 2769 854 2839 escensione
911 2763 1089 2835 facta
1144 2765 1424 2854 signum
1475 2784 1680 2834 suum
1723 2773 1926 2834 extra
1953 2768 2432 2835 coemeterium

424 2868 606 2939 aedis
636 2864 903 2936 Christi
954 2864 1044 2934 ad
1096 2863 1298 2935 aedes
1347 2866 1591 2953 regias
1640 2884 1904 2935 versus
1932 2862 2108 2936 ferri
2149 2863 2429 2957 jubeat3

426 2989 568 3061 ego
638 2988 817 3039 vero
895 2962 1227 3035 Holmum
1305 2972 1825 3056 praetervectus
1910 2967 2090 3036 intra
2169 2975 2433 3059 pontes

422 3066 840 3163 penetrabo,
891 3083 1259 3156 navesque
1312 3084 1666 3155 occupare
1708 3063 2041 3141 conabor.
2107 3063 2436 3136 Navibus

424 3165 801 3240 confestim
857 3163 1338 3255 egrediemur,
1395 3160 1516 3232 'alii
1569 3166 1747 3233 intra
1798 3151 2264 3250 Sandbruam,
2315 3163 2436 3235 alii

422 3274 690 3361 praeter
736 3261 1263 3355 Miklagardum
1313 3265 1385 3333 in
1438 3265 1919 3333 coemeterium
1971 3263 2148 3334 aedis
2177 3264 2433 3335 Mariae

423 3366 966 3452 transcendent,
1033 3362 1151 3435 alii
1202 3365 1581 3435 introrsum
1636 3371 1901 3456 praeter
1952 3367 2434 3435 coemeterium

424 3467 605 3536 aedis
653 3465 856 3537 Petri
908 3468 981 3535 in
1031 3462 1306 3558 plateas
1358 3463 1602 3556 oppidi
1652 3462 2104 3534 adscendunt.
2199 3463 2437 3536 Ulvus

421 3557 962 3635 Lauvnesensis
1012 3566 1082 3632 in
1132 3564 1444 3634 intimum
1497 3566 1727 3635 sinum
1780 3583 1936 3635 cum
1991 3562 2268 3634 duabus
2314 3585 2434 3634 ce-

425 3661 711 3735 locibus
740 3665 1111 3754 remigum,
1144 3662 1381 3757 ibique
1413 3674 1571 3733 cum
1596 3666 1805 3754 signo
1838 3663 2237 3750 escendit03‘
2273 3665 2436 3735 dein
2479 3675 2489 3689 ·

427 3785 562 3859 per
607 3761 958 3834 ‘interiora
992 3762 1233 3855 oppidi
1282 3770 1680 3854 penetrato,
1734 3782 1969 3856 eoque
2022 3763 2435 3856 confugien-

427 3872 545 3935 tes
615 3865 966 3957 exeipit03
1053 3860 1312 3955 quibus
1381 3858 1568 3932 locis
1653 3881 1857 3958 quam
1926 3861 2433 3935 creberrimum

413 3962 752 4042 xtubarum
803 3962 1158 4035 fremitum
1208 3961 1657 4032 concitatote.

1906 4158 2019 4228 12
