2950 4709
161 455 170 464 .
295 390 370 461 (2.
411 390 573 460 146..
680 465 684 469 ,
732 393 1097 448 mercum
1151 390 1377 443 numa
1431 390 1871 446 munnam.
2133 367 2313 457 243
2356 423 2360 428 .

296 597 476 674 tam,
527 587 918 658 amissuros
969 602 1166 669 esse,
1214 584 1350 654 nisi
1401 584 1654 669 omnia,
1708 599 1868 678 quae
1920 579 2306 677 postulem,

296 687 793 783 polliceamini.
923 680 1105 755 Tum
1187 680 1455 755 Finnus
1531 681 1949 756 Forraedius
2033 683 2306 778 (oppidi

298 787 718 883 praefectus)
769 783 1163 877 respondit,
1215 786 1558 878 regisque
1614 785 1911 855 orationi
1940 803 2027 854 se
2081 806 2305 878 oppo-

297 892 481 974 suit,
547 896 662 974 et,
731 884 921 979 quod
992 883 1330 955 attinebat
1377 884 1469 955 ad
1523 883 1880 977 postulata
1928 887 2166 976 regie,
2232 889 2305 955 in

300 987 610 1061 eundem
679 985 913 1057 locum
978 986 1306 1070 devenit,
1374 987 1481 1055 ut*
1520 984 1915 1078 oppidanos
1965 987 2308 1079 imperata

302 1089 709 1161 detrectare
760 1092 1157 1180 appareret.
1230 1035 1385 1155 S'ed
1437 1094 1673 1156 tamen
1723 1104 1847 1155 res
1884 1106 1974 1156 eo
2021 1084 2307 1157 tandem

299 1188 647 1281 perducta
715 1196 861 1271 cst,
931 1195 1009 1256 ut
1079 1187 1311 1255 omnia
1380 1207 1540 1286 quae
1591 1187 2018 1278 imperasset
2066 1207 2152 1257 se
2203 1186 2305 1258 fa-

299 1298 546 1361 cturos
626 1285 1174 1381 pollicerentur,
1264 1288 1476 1381 eique
1545 1295 1823 1357 centum
1907 1296 1981 1358 et
2058 1288 2308 1379 viginti

298 1387 598 1475 milite8‚
666 1386 971 1458 colonos
1038 1394 1113 1455 et
1187 1395 1669 1471 mercatores»,
1755 1386 2024 1457 darent.
2122 1383 2309 1457 Rex

302 1488 618 1560 Sverrer
644 1509 800 1558 cum
858 1484 1108 1558 classe¹
1151 1487 1438 1576 triginta
1493 1484 1841 1556 celocium
1897 1505 1992 1556 ex
2045 1489 2308 1579 oppido

302 1587 560 1674 solvit,
651 1605 956 1680 cumque
1022 1585 1390 1655 meridiem
1457 1605 1719 1655 versus
1784 1585 2156 1677 profectus
2238 1590 2311 1657 in

303 1685 728 1778 Salbjoruos
792 1687 1121 1757 venisset
1181 1684 1420 1778 ibique
1485 1693 1747 1770 staret,
1813 1683 2024 1777 Bagli
2073 1682 2309 1757 Birki-

302 1788 561 1859 heines
612 1793 1021 1881 quaerentes
1069 1806 1115 1855 a
1147 1785 1443 1854 meridie
1479 1787 1916 1876 navigarunt„
1991 1785 2127 1857 Hie
2176 1809 2311 1858 rex

304 1887 613 1960 classem
675 1890 875 1981 prius
941 1907 1144 1979 quam
1205 1887 1502 1956 animum
1555 1885 2012 1959 adverterent
2064 1898 2311 1960 contra

163 2077 178 2086 ⁶
306 2009 443 2060 eos
495 1988 717 2073 duxit,
772 2007 1100 2080 eamque,
1150 2008 1192 2058 a
1245 2006 1379 2080 qua
1430 1995 1633 2079 parte
1687 1996 1944 2057 ventus
1978 1988 2310 2078 spirabat,

305 2091 692 2174 constituit,-
734 2097 813 2160 ut
849 2107 981 2181 pro
1012 2085 1233 2158 lubitu
1264 2086 1582 2158 breviori
1601 2085 2014 2179 longiorive
2043 2088 2310 2162 abesse

303 2192 536 2282 spatio
587 2196 860 2282 posset.
960 2185 1094 2258 Hic
1159 2185 1586 2281 aliquamdiu
1636 2187 1805 2259 telis
1856 2186 2310 2286 lapidumque

307 2292 638 2380 conjectu
688 2295 1110 2380 pugnatum,
1161 2287 1298 2357 sed
1350 2291 1551 2378 regia
1602 2285 1902 2373 classis,
1953 2299 2032 2359 ut
2079 2300 2311 2378 antea,

307 2386 678 2459 altitudine
727 2385 1019 2457 multum
1069 2385 1365 2456 inferior
1413 2385 1584 2471 fuit,
1655 2397 1730 2457 et
1795 2396 2027 2458 tamen
2074 2388 2311 2461 Birki-

304 2487 505 2560 beini
555 2489 628 2557 in
676 2487 986 2559 adversa
1036 2485 1181 2557 tela
1231 2487 1567 2577 impetum
1597 2486 1936 2577 audacter
1960 2488 2311 2576 fecerunt,

305 2585 663 2682 Baglique
714 2607 963 2657 manus
1013 2585 1292 2657 ferreas
1345 2587 1417 2654 in
1470 2585 1737 2680 aliquot
1787 2590 2066 2660 navium
2119 2593 2312 2682 regi-

307 2709 503 2759 arum
555 2689 966 2780 injecerant,
1020 2707 1181 2781 quae
1233 2694 1464 2755 tamen
1503 2684 1856 2757 exsolutae
1889 2698 2071 2760 sunt.
2151 2688 2311 2760 Bir-

273 2786 574 2859 ‘kibeini
642 2787 733 2858 de
794 2789 1094 2859 victoria
1146 2786 1619 2880 desperantes
1672 2785 1982 2858 classem
2034 2801 2314 2862 averte-

306 2896 492 2975 ruut,
545 2897 624 2960 et
682 2890 1261 2981 septemtrionem
1325 2907 1594 2958 versus
1655 2884 1941 2980 Bergas
1984 2891 2314 2984 profecti,

310 3010 404 3060 eo
477 2992 700 3062 eirca·
733 2998 963 3060 ortum
1025 2988 1208 3060 solis
1275 2998 1794 3080 pervenerunt,
1871 2989 2314 3085 navibusque

305 3090 398 3161 ad
450 3110 713 3174 arcem,
765 3109 904 3181 qua
953 3087 1044 3158 ad
1095 3089 1678 3180 septemtrionem
1730 3092 1989 3180 vergit,
2046 3091 2314 3162 subdu-

307 3191 468 3275 ctiS,
518 3192 591 3258 iu
641 3186 904 3280 oppido
955 3207 1041 3258 se
1093 3185 1562 3257 continebant.
1641 3185 1918 3256 Eodem
1958 3189 2074 3259 die
2126 3193 2316 3262 circa

308 3289 679 3360 meridiem
729 3284 942 3380 Bagli
991 3285 1084 3358 ad
1134 3284 1465 3377 oppidum
1536 3285 1990 3379 appulerunt,
2059 3310 2314 3382 egres-

308 3410 624 3483 sumque
677 3387 946 3473 facere,
1007 3384 1337 3480 prohibiti
1399 3407 1442 3457 a
1506 3384 1977 3476 Birkibeinis‚
2053 3389 2316 3463 frustra

311 3491 544 3561 co‘nati
620 3498 802 3559 sunt.
913 3487 1081 3559 Rex
1146 3488 1393 3580 copias
1462 3508 1637 3559 suas
1703 3491 1776 3559 in
1841 3489 2315 3564 tabernaculis

310 3589 503 3661 circa
562 3607 800 3658 arcem
873 3587 1246 3681 disposuit.
1344 3585 1591 3680 Bagli‚
1661 3612 1816 3660 cum
1868 3590 2138 3686 aliquot
2185 3615 2313 3664 no-

311 3696 472 3760 ctes
519 3696 685 3758 aute
716 3686 1050 3781 oppidum
1086 3698 1289 3760 extra
1312 3689 1402 3760 ad
1429 3687 1888 3760 Nordnesum
1917 3693 2314 3779 stetissent,

313 3790 826 3873 discesserunt,
878 3797 953 3859 et
978 3790 1053 3858 iu
1080 3786 1402 3880 Sognum
1446 3787 1751 3882 profecti
1799 3790 2059 3862 cibaria
2090 3791 2315 3863 colle-

311 3897 606 3985 gerunt3
663 3896 947 3982 septem
998 3897 1254 3959 noctes
1305 3887 1718 3973 abfuerunt,
1782 3912 1921 3984 quo
1973 3895 2317 3984 temporis

310 3991 542 4084 spatio
590 3986 854 4060 Jonem
903 3986 1229 4074 Trinum‚
1290 3987 1704 4081 praefectum
1756 3992 1957 4083 regis
2008 3990 2317 4063 Sverre-

309 4093 458 4176 ris,
505 4087 1102 4185 comprehensum
1152 4087 1631 4161 incolumitate
1683 4089 2067 4179 donarunt,
2124 4101 2197 4163 et
2245 4095 2319 4162 in

203 4259 210 4268 .
308 4209 486 4264 suas
535 4200 779 4286 partes
829 4196 1234 4282 traxeruut3
1303 4210 1416 4263 ac
1457 4187 1705 4283 plures
1754 4202 2109 4286 praeterea
2157 4191 2320 4265 Bir-

1756 4289 1979 4385 oa
