2950 4709
582 308 750 400 106
1010 334 1378 386 ms'ronm
1430 332 1655 382 neers
1708 330 2149 382 svnnnnnrs.
2378 326 2454 393 c,
2482 325 2586 392 60.

576 515 787 589 binos
853 516 1230 611 praefuisse
1280 514 1675 608 Norvegiae
1726 518 1874 602 ais,
1948 516 2161 586 audio
2212 512 2379 584 huic
2430 533 2587 606 par-

577 619 804 688 titioni
872 638 1186 688 amorem
1256 625 1329 686 et
1389 616 1837 687 affectionem
1878 617 2091 685 inter
2157 615 2420 685 fratres
2472 620 2593 683 aut

576 715 761 787 alios
814 720 1199 812 propinqua
1248 717 1787 787 necessitudine
1832 718 2121 807 junctos
2171 714 2408 785 locum
2463 711 2587 783 de-

579 815 802 903 disse,
854 840 1013 910 quae
1064 818 1425 888 consortio
1479 815 1568 886 ad
1619 825 2055 909 postremum
2105 835 2395 907 semper
2448 813 2587 891 dis÷
2642 901 2651 906 α

579 917 865 988 cordias
932 919 1248 1012 peperit,
1337 915 1689 986 interdum
1760 917 2071 986 exitiosa
2138 913 2307 999 suit,
2399 912 2592 1006 quod

574 1017 802 1110 ipsum
858 1015 1203 1111 [nostram
1255 1012 1575 1087 causaml
1634 1017 1954 1110 proxime
2008 1017 2305 1106 attingit,
2360 1023 2435 1083 et
2483 1024 2584 1085 ta·-

576 1136 742 1187 men
791 1120 977 1188 inter
1024 1115 1191 1187 illos
1241 1117 1584 1201 levioreS‚
1636 1137 1838 1209 quam
1882 1118 2069 1204 inter
2095 1135 2254 1200 nos,
2308 1120 2590 1184 contro-

577 1222 974 1288 versiarum
1025 1237 1264 1290 causae
1319 1218 1545 1307 primo
1607 1217 2211 1310 intercesserunt3
2263 1211 2588 1305 intelligo

577 1337 777 1387 meas
842 1319 1066 1409 ipsius
1144 1315 1430 1402 cladeS,
1512 1313 1816 1389 fortunae
1898 1317 2070 1385 vitio
2151 1314 2591 1408 praecedenti

576 1426 903 1509 tempore
973 1427 1348 1510 acceptas,
1416 1415 1805 1507 caedesque
1867 1413 2201 1484 nobilium
2253 1417 2589 1508 virorum,

576 1515 747 1587 mihi
800 1525 873 1587 et
921 1519 1471 1611 propinquorum
1537 1525 1610 1586 ct
1660 1518 2082 1602 amicorum3
2153 1534 2246 1584 ex
2296 1536 2439 1607 quo
2491 1512 2588 1597 fit,

576 1626 679 1702 ut,
735 1620 872 1692 etsi
924 1618 1017 1689 ad
1067 1620 1455 1710 iniquiores
1504 1614 1777 1709 aliquas
1806 1616 2250 1686 conditiones
2282 1614 2587 1708 descen-

580 1716 763 1803 dam,
814 1726 1015 1788 certo
1068 1720 1324 1802 sciam,
1403 1715 1572 1786 mihi
1625 1725 1698 1786 et
1749 1714 2087 1787 Sverreri
2137 1714 2327 1784 haud
2378 1713 2588 1784 facile

580 1816 763 1901 fore,
815 1817 929 1889 his
979 1819 1442 1910 interspersis
1495 1816 1953 1887 dissidiorum
1999 1813 2413 1899 seminibuS,
2466 1835 2587 1884 au-

579 1914 764 1988 licos
832 1919 903 1987 in
973 1917 1231 1988 eodem
1285 1917 1605 2009 emporio
1661 1925 1777 1987 aut
1826 1918 1896 1985 in
1952 1916 2202 1988 eadem
2255 1913 2591 2006 stipendii

580 2019 1075 2087 communitate
1128 2018 1512 2088 continere.
1618 2014 2135 2106 Quamobrem,
2190 2016 2327 2087 etsi
2381 2013 2591 2105 hujus

579 2118 693 2190 rei
758 2115 1149 2208 periculum
1220 2115 1376 2201 fiat,
1456 2136 1705 2208 pacem
1773 2116 1963 2187 haud
2029 2116 2188 2188 fore
2260 2115 2592 2185 diutinam

581 2214 906 2289 arbitror.
983 2217 1102 2288 Ad
1153 2215 1311 2291 haec
1362 2237 1502 2286 rex
1554 2213 1899 2287 Sverrer:
1954 2216 2094 2288 hoc
2133 2215 2418 2308 quidem
2463 2234 2590 2283 ve-

581 2336 737 2387 rum
793 2326 928 2404 est,
977 2338 1116 2390 rex·
1144 2317 1440 2409 Magne,
1495 2317 1685 2408 quod
1743 2318 1834 2388 de
1886 2338 2064 2410 pace
2120 2317 2382 2401 dixisti,
2434 2313 2592 2384 fieri

582 2436 830 2509 posse,
881 2427 960 2489 ut
1009 2417 1096 2494 ab
1149 2418 1305 2493 aliis
1360 2428 1760 2516 rumpatur,
1831 2421 1970 2489 etsi
2037 2438 2173 2489 nos
2227 2436 2381 2486 eam
2434 2436 2591 2485 ser-

582 2538 758 2587 vare
812 2518 1129 2592 velimus.
1208 2516 1438 2608 Quam
1493 2517 1585 2588 ob
1636 2540 1813 2604 rem,
1864 2538 1956 2588 ne
2011 2525 2253 2588 nostra
2307 2524 2590 2585 contro-

582 2620 826 2694 versia
880 2619 1142 2690 diutius
1193 2628 1300 2690 tot
1353 2617 1755 2689 hominibus
1806 2618 2266 2689 calamitatem
2322 2615 2592 2702 afferat,

582 2735 743 2786 cum
794 2722 975 2789 meis
1027 2721 1254 2811 copiis
1308 2737 1350 2787 e
1403 2737 1632 2808 regno
1687 2718 2054 2803 excedam,
2106 2720 2168 2788 si
2203 2737 2340 2787 vos
2373 2718 2590 2785 inter-

579 2818 818 2908 posito
859 2817 1322 2910 jurejurando
1375 2815 1543 2886 mihi
1599 2816 1862 2889 dimidii
1914 2820 2117 2911 regni
2153 2815 2591 2888 administra·

579 2917 843 2990 tionem
898 2917 1305 2987 concedere
1372 2916 1654 3001 velitiS,
1717 2926 1795 2989 ut
1859 2917 2027 2988 mihi
2077 2920 2427 3008 integrum
2479 2918 2593 3004 sit,

579 3035 813 3103 meoS,
863 3037 1043 3110 pace
1097 3026 1169 3088 et
1219 3016 1546 3091 libertate
1600 3037 1933 3104 securoS,
1982 3017 2149 3089 huic
2200 3019 2378 3111 parti
2408 3035 2591 3107 prae-

581 3114 804 3186 ficere
820 3144 838 3207 3
890 3117 1118 3189 tribus
1167 3116 1520 3206 hiemibus
1571 3116 1713 3187 hoc
1765 3117 1979 3192 modo
2010 3136 2325 3212 peregre
2365 3127 2590 3188 trans-

582 3220 765 3288 actis
816 3240 974 3291 cum
1025 3220 1340 3306 rediero,
1390 3229 1467 3290 tu
1519 3221 1592 3289 in
1644 3222 1876 3289 vicem
1928 3241 2083 3291 cum
2136 3221 2277 3301 tuis
2327 3220 2396 3286 in
2439 3226 2593 3287 tres

581 3314 863 3389 hiemes
932 3339 1158 3411 regno
1230 3320 1563 3390 decedito
1630 3318 1769 3390 sub
1848 3318 2103 3392 iisdem
2180 3318 2591 3389 conditioni-

583 3415 762 3501 buS,
816 3439 993 3510 quas
1045 3418 1253 3490 vobis
1308 3418 1520 3489 modo
1573 3416 1975 3489 obtulimus.
2075 3416 2193 3490 Ad
2247 3417 2406 3487 haec
2456 3437 2593 3487 rex

581 3516 939 3606 Magnus:
1022 3517 1113 3590 ad
1198 3538 1350 3589 eam
1422 3518 1897 3590 conditionem
1971 3517 2331 3611 depacisci
2396 3515 2593 3602 volo,

584 3625 665 3685 ut
714 3624 814 3703 tu,
864 3613 1200 3702 Sverrer,
1251 3637 1385 3688 vos
1438 3636 1554 3702 ue,
1603 3616 2037 3703 Birkibeini,
2090 3639 2319 3709 regno
2373 3637 2592 3686 exce-

589 3715 791 3801 datis,
848 3724 923 3786 et
971 3716 1060 3787 ad
1113 3716 1294 3790 hanc
1346 3641 1678 3810 irssuper,
1746 3728 1824 3790 ut
1872 3740 2220 3812 nunquam
2271 3707 2594 3788 revertass

584 3818 773 3887 mini.
874 3815 1037 3907 Ego
1089 3821 1408 3890 universi
1478 3817 1720 3911 populi
1773 3821 2193 3892 auctoritate
2259 3839 2301 3887 a
2351 3816 2594 3908 legato

584 3913 909 3988 Romano
940 3919 1399 4008 inauguratus
1436 3920 1967 4013 coronatusque
1995 3919 2131 4006 sui,
2183 3921 2368 3988 inter
2396 3920 2594 3986 inau-

587 4016 979 4105 gurandum
1002 4020 1258 4107 juravi,
1305 4013 1418 4088 me
1457 4018 1670 4110 leges
1705 4028 2313 4103 conservaturum,
2349 4019 2594 4092 armis-

659 4143 706 4211 ⁸)
741 4159 916 4201 nostra
952 4161 1206 4221 tempora,
1244 4145 1313 4211 G,
1354 4147 1418 4203 B.
