2950 4709
590 330 712 417 92
1031 356 1396 405 ruo-roma
1451 333 1678 406 πίει-ηε
1732 356 2170 405 svnnnnnrs.
2397 355 2470 417 ο,
2499 353 2602 417 52,

593 540 820 609 sancti
884 536 1215 610 voluntas
1283 548 1434 625 est,
1502 559 1634 632 pro
1703 550 1906 613 corto
1974 536 2300 609 habeatis
2330 535 2603 622 .velim,

592 636 760 707 mihi
826 637 1293 714 deliberatum
1358 658 1569 724 esse,
1636 661 1795 711 cum
1871 659 2053 731 rege
2104 639 2376 730 Magno
2445 640 2603 708 acie

593 738 1080 822 contendere,
1141 757 1379 832 neque
1432 738 1698 810 diutius
1749 747 1912 810 ante
1964 736 2173 809 litora
2225 736 2602 830 profugum

583 838 856 929 jactari.
981 836 1075 908 Et
1153 839 1472 931 quamvis
1555 859 1852 909 numero
1924 836 2145 930 longe
2223 837 2604 908 interiores

591 955 864 1023 snmus,
914 945 1145 1007 tamen
1199 957 1424 1009 naves
1474 939 1810 1028 ingentes
1855 936 2225 1022 hahemuS,
2277 958 2319 1008 a
2374 935 2603 1007 militi-

590 1033 730 1109 bus
782 1044 857 1106 et
906 1038 1120 1107 armis
1148 1036 1336 1107 hene
1378 1039 1780 1123 instructas,
1831 1047 1909 1109 ut
1935 1036 2321 1128 Heklungi,
2372 1039 2603 1128 prius-

592 1155 800 1231 quam
854 1135 1358 1227 digrediamur,
1411 1137 1533 1208 din
1583 1139 1653 1207 in
1703 1139 2235 1209 memoria'sint
2276 1135 2605 1221 habituri,
2694 1129 2701 1142 '

591 1244 847 1328 quanta
894 1232 1286 1307 Birkiheini
1357 1236 1787 1320 dexteritate
1856 1238 2071 1308 armis
2154 1239 2255 1307 uti
2307 1237 2604 1330 possint.

588 1332 744 1405 Hac
797 1356 1082 1429 quoque
1149 1339 1311 1408 vice
1364 1335 1745 1422 faciamus,
1811 1346 1891 1409 ut
1941 1338 2031 1406 iis
2086 1336 2373 1422 eadem,
2443 1356 2603 1430 quae

517 1478 523 1483 -
590 1445 831 1521 antea,
884 1437 1172 1529 quoties
1220 1435 1591 1507 nobiscnm
1643 1438 2021 1530 congressi
2072 1445 2277 1522 sunt,
2328 1436 2606 1507 accidat

588 1534 848 1628 pedem
902 1534 1267 1606 referendi
1319 1538 1743 1608 necessitas.
1832 1533 2092 1607 Solent
2121 1536 2406 1630 quidem
2459 1538 2602 1628 pri-

589 1657 777 1706 mum
846 1638 1178 1729 impetum
1248 1629 1424 1707 satis
1491 1636 1773 1708 sortiter
1840 1639 2221 1730 excipere,
2305 1637 2443 1707 sed
2510 1634 2602 1706 ad

591 1738 967 1807 continuos
1018 1734 1311 1807 labores
1361 1735 1842 1829 perferendos
1893 1738 2123 1808 minus
2153 1756 2238 1807 se
2270 1745 2602 1807 constan-

588 1843 707 1905 tes
755 1833 1085 1927 praebere
1137 1846 1609 1924 consverunt3
1674 1856 1811 1907 vos
1861 1845 2142 1922 contra,
2205 1857 2346 1930 quo
2398 1834 2627 1910 labor-

593 1942 668 2004 et
717 1935 938 2025 major
987 1944 1063 2006 et
1112 1934 1418 2027 longior,
1470 1955 1563 2006 eo
1614 1956 1752 2007 vos
1787 1934 2138 2007 firmiores
2174 1946 2246 2007 et
2275 1939 2600 2007 acriores

588 2034 961 2125 praestatis,
1050 2033 1210 2106 Hoc
1262 2037 1467 2104 etiam
1524 2034 1733 2105 vohis
1785 2035 2136 2107 affirmare
2185 2035 2351 2107 mihi
2408 2035 2600 2121 licet,

588 2134 659 2200 in
714 2151 959 2203 eorum
1016 2137 1343 2205 exercitu
1393 2132 1580 2206 haud
1633 2134 1847 2207 dubie
1896 2136 2194 2207 alterum
2248 2156 2600 2229 quemque

586 2229 875 2303 militem
929 2232 1166 2305 subito
1216 2237 1469 2307 timore
1522 2234 1932 2330 perculsum
1984 2239 2091 2324 iri,
2142 2237 2263 2309 nbi
2299 2258 2436 2308 vos
2474 2259 2599 2313 au-

591 2331 841 2403 dacter
904 2343 1152 2405 contra
1218 2347 1473 2408 euntes
1539 2336 1835 2421 viderit,
1899 2335 2292 2432 pluresque
2361 2336 2600 2429 fugam

587 2453 906 2527 capere,.
933 2456 1142 2528 quam
1191 2439 1458 2508 vestris
1509 2437 1765 2509 ictibus
1816 2458 1902 2508 se
1954 2436 2274 2531 objicere
2325 2442 2599 2530 cupitu-

473 2599 484 2604 -
586 2554 732 2605 ros.
810 2533 1022 2606 Nunc
1077 2535 1242 2606 mihi
1291 2540 1630 2630 praesagit
1679 2540 1976 2624 animus,
2025 2559 2161 2609 nos
2213 2536 2300 2610 ab
2351 2539 2443 2608 iis
2496 2539 2599 2608 vi·

588 2637 877 2706 ctoriam
911 2654 1082 2705 esse
1113 2645 1640 2729 reportaturos3
1691 2657 1858 2708 raro
1909 2658 2047 2709 vos
2097 2658 2209 2725 ea,
2263 2657 2424 2731 quae
2458 2657 2599 2729 ego

584 2734 1097 2827 praedixeram,
1161 2756 1319 2805 cum
1372 2738 1749 2827 congressi
1800 2734 2100 2823 suimus,
2166 2735 2600 2809 fefellerunt.

584 2831 740 2903 Hac
788 2834 975 2916 vice,
1026 2835 1216 2904 sicut
1263 2843 1495 2921 antea,
1545 2844 1787 2909 nostra
1832 2845 1911 2907 nt
1941 2846 2347 2908 ceterorum
2378 2839 2599 2909 omni-

584 2954 702 3002 um
754 2930 1009 3002 fiducia
1057 2934 1131 3002 in
1169 2931 1338 3003 Deo
1395 2938 1696 3028 ejusque
1746 2938 2035 3021 sanctis,
2084 2958 2226 3008 non
2281 2940 2377 3007 in.
2402 2940 2599 3030 copi-

585 3051 783 3103 arum
835 3030 1279 3104 multitudine
1349 3036 1584 3125 posita
1635 3044 1769 3105 cst.
1870 3036 2114 3108 Meam
2167 3039 2383 3128 igitur
2433 3058 2598 3108 cau-

584 3152 734 3204 sam
787 3132 880 3204 ad
931 3131 1170 3204 Deum
1223 3136 1776 3226 omnipotentem
1842 3157 2236 3230 regemque
2290 3134 2600 3209 Olavum

584 3243 905 3306 sanctum
960 3245 1412 3328 sanctamque
1465 3233 1870 3308 Sunnevam
1925 3238 2199 3329 rejicio,
2254 3246 2327 3307 et
2361 3237 2599 3309 Deum

586 3354 885 3424 precor,
947 3343 1024 3404 ut
1073 3356 1377 3427 pugnam
1427 3337 1615 3406 inter
1663 3356 1778 3407 me
1832 3345 1906 3406 et
1952 3356 2204 3427 regem
2254 3337 2599 3429 Magnum

587 3450 685 3501 ex
718 3435 1090 3524 utriusque
1142 3455 1380 3504 causae
1432 3433 1748 3505 bonitate
1802 3435 2158 3506 decernat.
2260 3435 2437 3507 Haec
2483 3458 2598 3507 re-

585 3532 700 3622 gis
770 3530 995 3601 oratio
1065 3551 1316 3623 magna
1382 3535 1689 3604 omnium
1738 3533 2245 3607 acclamatione
2298 3548 2601 3629 excepta

588 3639 723 3716 est,
777 3629 1196 3701 dicentium:
1263 3628 1425 3701 haec
1475 3636 1783 3706 omnium
1833 3655 2086 3728 regum
2137 3635 2598 3708 felicissimus

588 3728 895 3801 dixeris!
974 3751 1132 3823 quae
1205 3731 1299 3802 de
1365 3734 1795 3824 reportanda
1846 3738 2144 3808 victoria
2195 3738 2597 3829 praedicere

584 3828 792 3902 nobis
859 3830 1118 3903 solitus
1171 3851 1295 3918 es,
1375 3853 1722 3927 nunquam
1793 3856 1926 3907 nos
1993 3834 2424 3907 fefellerunt.
2525 3835 2599 3908 Is

583 3931 965 4021 ignominia
1030 3940 1353 4019 notetur,
1423 3935 1541 4027 qui
1609 3936 1862 4019 timore
1929 3958 2013 4008 ac
2081 3947 2268 4008 metu
2339 3936 2596 4029 fugere

584 4027 822 4111 malit,
872 4051 1079 4124 quam
1130 4052 1469 4124 pugnare.
1503 4043 1598 4119 et,
1650 4039 1716 4105 si
1764 4033 1975 4106 aliter
2024 4035 2178 4106 fieri
2230 4057 2372 4106 non
2422 4057 2594 4130 pos-

590 4130 723 4216 sit,
776 4127 1056 4212 fortiter
1107 4130 1389 4204 cadere.
1490 4130 1673 4206 Tum
1726 4155 1894 4207 rex:
1965 4157 2095 4230 pro
2149 4134 2301 4223 his,
2353 4138 2596 4231 inquit,
