2950 4709
365 362 449 428 ο..
477 360 698 427 70-71.
801 359 1168 436 {iterumn
1219 355 1446 409 anons
1500 356 1940 438 svnnnnnrq.
2208 328 2373 416 121

372 544 599 627 Ottar
653 544 931 621 Gavius
977 547 1144 643 νομί
1192 544 1473 644 Maqno
1525 546 1861 618 nuntium
1910 540 2004 615 de
2052 539 2378 614 adventu

847 704 854 709 .
1071 646 1385 719 boatium
1436 647 1676 742 affert.

566 742 688 817 70.
786 746 932 818 Die
981 746 1333 834 VeneriS,
1405 752 1627 819 missa
1686 743 2237 817 antemeridiana
2305 740 2381 812 in

367 846 636 941 oppido
689 845 1054 934 absoluta,
1106 846 1282 918 nulli
1333 849 1426 918 de
1479 847 1759 920 colonis
1807 844 1921 916 adl
1950 851 2380 915 conventum

364 945 763 1017 adfuerunt.
861 945 1148 1018 Interim
1198 946 1471 1042 aliquot
1532 946 1861 1019 homines
1923 966 2084 1016 cum
2147 941 2379 1034 ligno-

364 1066 522 1117 rum
573 1045 890 1118 fascibus
941 1045 1394 1140 Steinbjarga
1443 1053 1968 1141 praetereuntes
2010 1043 2382 1136 conspecti

366 1154 551 1217 sunt.
649 1145 816 1218 Rex
864 1148 1182 1239 Magnus
1248 1150 1320 1219 in
1390 1147 1668 1219 aedibus
1733 1145 1956 1218 Eiriki
2004 1143 2210 1215 Arnii
2259 1140 2384 1211 filii

368 1244 878 1339 hospitabatur.
978 1247 1090 1320 Eo
1157 1251 1318 1341 ipso
1369 1250 1714 1342 temporis
1762 1254 2122 1318 momento
2172 1240 2413 1314 Ottar”

368 1344 679 1435 GasiuS,
745 1368 952 1442 quem
1005 1369 1224 1441 supra
1288 1350 1839 1433 nominavimus»,
1913 1350 1986 1418 in
2048 1344 2385 1437 oppidum

366 1450 602 1534 venit,
688 1468 831 1542 quo
903 1446 1188 1519 delatus
1257 1447 1350 1519 ad
1431 1450 1633 1533 aedes
1698 1445 1926 1519 Eiriki
2003 1442 2384 1516 contendit.

368 1544 670 1641 Aliquot
717 1547 931 1619 aulici
989 1550 1086 1618 in.
1112 1569 1282 1619 area
1330 1556 1750 1633 versantes,
1819 1568 1977 1617 cum
2028 1543 2385 1615 hominem

293 1717 302 1726 .
370 1668 626 1740 magno
680 1669 899 1720 cursu
946 1648 1358 1720 tendentem
1410 1650 1775 1733 viderent,
1838 1649 2386 1735 interrogarunt,

372 1767 463 1818 an
541 1749 632 1819 de
694 1747 1166 1819 Birkiheinis
1214 1748 1480 1843 aliquid
1541 1749 1986 1820 rescivisset.
2102 1741 2397 1834 Quibus„

374 1846 539 1919 ille:
590 1849 665 1920 id
713 1847 1116 1942 vobisnon
1168 1850 1439 1939 indico3
1506 1848 1627 1921 ubi
1679 1870 1810 1919 rex
1859 1844 2158 1918 vester?
2236 1841 2387 1913 Re-

373 1949 751 2041 spondent,
801 1951 871 2019 in
901 1948 1062 2026 aede
1095 1947 1382 2037 Christi,
1434 1950 1805 2022 concilium
1857 1945 2151 2021 hahens.
2221 1939 2388 2033 Quo

376 2049 617 2121 audito
668 2049 883 2121 homo
938 2070 1036 2120 ex
1086 2071 1257 2122 area
1306 2051 1397 2123 ad
1428 2072 1677 2144 regem
1708 2048 2091 2122 contendit.
2156 2040 2390 2113 Paulo

377 2159 547 2242 post
595 2171 732 2221 rex
779 2151 1094 2242 Magnus
1146 2172 1365 2223 cursu
1393 2154 1809 2223 citatissimo
1845 2168 2080 2226 aream
2111 2148 2390 2236 ingres-

377 2271 491 2336 uS,
539 2271 719 2321 suos
770 2272 974 2343 quam
1024 2249 1404 2323 celerrime
1456 2274 1645 2322 arma
1708 2269 1971 2342 capere
2023 2263 2392 2338 navesque

333 2348 882 2420 'conscendere
922 2351 1171 2440 jussit:
1215 2354 1358 2442 jam
1407 2348 1802 2422 Birkibeini
1853 2348 2208 2419 adversus
2258 2364 2396 2416 nos

382 2448 836 2518 contendunt.
935 2449 1119 2519 Mox
1182 2454 1391 2540 signo
1452 2450 1622 2521 tuba
1690 2451 1854 2521 dato
1906 2467 2039 2518 sua
2089 2446 2394 2538 quisque

381 2569 577 2619 arma
630 2557 704 2619 et
752 2556 1005 2620 vestes
1055 2545 1394 2620 celeriter
1419 2552 1730 2643 arripuit,
1780 2568 2005 2619 naves
2031 2540 2396 2635 extemplo

382 2649 962 2722 conscenderunt
1028 2658 1102 2721 et
1162 2649 1253 2720 ad
1313 2649 1645 2722 Holmum
1711 2647 2151 2743 appulerunt.
2250 2642 2397 2712 Die

383 2750 855 2844 procedente,
909 2770 1046 2821 nec
1095 2750 1395 2823 adfuere
1447 2750 1864 2836 Birkibeini‚
1916 2769 2052 2819 nec
2081 2742 2397 2816 Gaulda·

384 2848 636 2922 lenses
687 2852 760 2919 in
801 2849 1169 2923 concilium
1223 2861 1598 2939 venerunt,
1651 2850 1843 2947 quod
1892 2851 2145 2919 mirum
2198 2843 2398 2916 vide-

361 2948 631 3037 ‘batur,
715 2951 780 3021 si
843 2949 1242 3023 Birkiheini
1301 2955 1372 3022 in
1438 2956 1834 3047 propinquo
1902 2970 2046 3021 non
2116 2951 2399 3031 essent3

385 3072 607 3146 quare
659 3068 912 3120 omnes
965 3053 1312 3137 credere,
1377 3051 1570 3123 hunc
1636 3050 2164 3145 exploratorem
2220 3042 2404 3115 falsa

384 3149 754 3235 retulisse,
805 3157 877 3218 at
924 3148 1050 3219 ille
1105 3151 1356 3220 eadem
1408 3160 1819 3222 constanter
1867 3145 2276 3229 affirmabat,
2330 3150 2425 3213 et·

386 3254 461 3321 in
511 3252 670 3320 navi
721 3250 922 3340 regia
974 3269 1059 3319 se
1112 3250 1538 3321 continebat.
1637 3248 1888 3334 Multi,
1954 3249 2075 3341 qui
2137 3265 2225 3315 se
2275 3261 2402 3313 ve-

386 3361 544 3422 stes
594 3359 714 3422 aut
762 3370 952 3421 arma
1005 3359 1125 3422 aut
1158 3358 1531 3442 argentum
1581 3352 1651 3419 in
1702 3347 1965 3442 oppido
2016 3344 2403 3439 reliquisse

391 3449 759 3535 dicebant,
826 3452 1103 3522 veniam
1171 3451 1585 3528 revertendi
1653 3472 1696 3521 a
1762 3469 1943 3541 rege
2010 3448 2402 3540 petierunt3

388 3547 512 3621 alii
559 3559 800 3642 potum
851 3550 987 3620 sibi
1038 3552 1420 3644 petendum
1473 3553 1792 3637 causari,
1845 3548 1962 3621 alii
2011 3566 2283 3619 uxores
2332 3546 2405 3613 in

347 3650 653 3743 ,oppido
704 3648 1073 3722 habebant.
1172 3650 1343 3723 Rex
1409 3653 1725 3744 Magnus
1794 3670 2047 3721 omnes
2113 3647 2405 3730 monuit,
2471 3673 2475 3678 ·

388 3771 485 3821 ne
552 3753 624 3821 in
694 3750 1026 3843 oppidum
1092 3753 1448 3840 redirent,
1527 3755 1773 3846 paucis
1838 3753 2114 3821 veniam
2184 3744 2406 3829 dedit,

390 3851 529 4025 tlsed
577 3860 815 3921 tamen
879 3848 1331 3923 nihilominus
1381 3851 1791 3945 complures
1858 3870 1952 3923 eo
2017 3868 2104 3952 se
2156 3854 2434 3920 contu-⁸

378 3960 382 3964 ’
425 3961 651 4025 erunt.

491 4048 652 4123 Res
700 4053 899 4123 inter
946 4047 1422 4123 Birkibeinos
1471 4059 1546 4123 et
1594 4014 2027 4145 Heklunyos
2068 4054 2316 4143 qestce.
2386 4089 2397 4102 ·

596 4150 714 4227 71.
814 4150 980 4246 Rex
1009 4143 1324 4227 S'verrer
1375 4161 1450 4225 et
1485 4148 1884 4226 Birkiheini
1933 4153 2006 4222 in
2047 4151 2228 4241 jugo
2280 4142 2406 4218 de.-
