2950 4709
606 321 777 437 1oe
1035 367 1401 422 moroan
1458 366 1690 421 naum
1741 366 2181 420 emamus.
2285 343 2292 351 ’
2357 365 2432 434 ο,
2471 361 2619 433 142,

599 555 787 631 Nam
834 554 1026 651 qnod
1076 553 1664 650 archiepiscopus
1697 554 2005 649 Eystcin
2055 551 2338 628 colonis
2366 553 2613 628 obtru-

599 665 821 743 serat,
872 665 973 742 ut,
1023 655 1255 728 sicubi
1302 656 1540 728 multae
1565 655 2113 750 archiepiscopo
2144 654 2616 742 deberentur,

508 756 519 760 ’
605 774 715 831 eae
751 758 1141 851 pensiones
1191 758 1421 827 unciis
1471 759 1896 851 argentariis
1948 753 2243 827 notatisl
2302 755 2615 848 explica-

600 868 873 943 rentur,
924 879 1079 929 cum
1132 866 1340 928 antea
1368 859 1669 951 pecunia
1702 853 2069 941 multatitia
2101 851 2362 928 eodem
2397 850 2616 927 modo

604 967 749 1054 «juo
802 960 871 1028 in
932 955 1400 1051 pensionibus
1467 960 1627 1048 regi
1698 956 1959 1028 debitis
2025 956 2266 1030 soluta
2330 956 2616 1041 fuisset,

606 1078 761 1132 eam
813 1075 966 1129 rem
1008 1077 1145 1129 rex
1182 1053 1497 1150 Magnus
1529 1065 1604 1129 et
1629 1051 1971 1149 Erlingus
2008 1051 2331 1150 dynasta,
2381 1054 2619 1150 quoad

556 1181 561 1186 ·
601 1157 1110 1254 rempublicam
1141 1155 1726 1244 administrarant,
1769 1160 2116 1249 integram
2160 1157 2619 1251 reliquerant.

603 1249 906 1330 Scilicet
953 1251 1298 1348 Erliugus
1350 1250 1656 1349 dynasta
1706 1256 1887 1329 hanc
1948 1258 2290 1328 rationem
2357 1256 2616 1350 proba-

602 1367 845 1444 verat,
896 1375 988 1428 eo
1041 1357 1234 1451 quod
1286 1355 1503 1428 filium
1543 1354 1886 1450 Magnum
1940 1357 2027 1428 ab
2067 1357 2615 1450 archiepiscopo

601 1459 1008 1551 inaugurari
1058 1477 1308 1550 regem
1363 1457 1712 1530 voluerat.
1814 1455 1967 1528 Sed
2003 1458 2143 1529 hoc
2182 1458 2395 1528 modo
2449 1476 2615 1550 pre-

602 1561 773 1633 tium
801 1561 1163 1629 unciarum
1203 1551 1421 1652 duplo
1452 1560 1679 1651 majus
1708 1551 2048 1629 redditur.
2104 1550 2268 1630 Rex
2300 1553 2620 1629 Sverrer

604 1659 693 1734 ab
748 1658 1292 1753 archiepiscopo
1341 1657 1751 1751 postulavit,
1800 1667 1881 1729 nt
1931 1661 2320 1753 priscarum
2373 1656 2617 1749 legum

603 1764 1042 1856 praescripta,
1095 1775 1236 1829 non
1287 1758 1516 1832 minus
1564 1757 1636 1829 in
1691 1761 1930 1830 causis
1983 1759 2074 1829 ad
2131 1758 2613 1852 archiepisco-

602 1880 794 1955 pum,
847 1878 1050 1954 qnam
1105 1853 1193 1929 ad
1245 1878 1496 1950 regem
1543 1858 2085 1953 pertinentibuS,
2137 1862 2413 1952 integra
2470 1877 2616 1929 ma·-

604 1970 891 2047 nerent3
945 1954 1280 2043 ostendit,
1308 1955 1585 2050 Erlingi
1618 1955 2076 2030 Skakkiinon
2097 1953 2351 2045 fuisse,
2400 1958 2617 2051 leges

604 2062 808 2152 regis
872 2056 1081 2129 Olavi
1154 2061 1382 2130 sancti
1432 2057 1744 2145 violare,
1808 2069 1886 2131 ut
1950 2054 2141 2130 filius
2207 2080 2388 2131 suus
2454 2061 2615 2131 sinc

604 2158 759 2234 ullo
784 2162 971 2252 Juris
1013 2152 1218 2229 titulo
1263 2175 1398 2228 rex
1427 2158 1995 2250 inauguraretur,
2046 2179 2397 2253 nunquam
2427 2162 2615 2232 enim

603 2259 676 2331 in
725 2253 1119 2350 Norvegia,
1175 2274 1270 2329 ex
1315 2277 1457 2353 quo
1500 2255 1877 2330 christiana
1918 2259 2174 2353 religio
2216 2261 2617 2332 introducta
2715 2303 2730 2316 =

606 2360 722 2447 sit,
773 2362 1037 2432 nev-in
1091 2356 1516 2431 ethnicismo
1568 2361 1889 2454 quidem,
1954 2361 2340 2448 accidisse,
2407 2369 2488 2433 ut
2551 2364 2617 2433 is

606 2477 745 2533 rex
796 2468 1189 2546 crearetur,
1242 2461 1365 2555 qui
1415 2461 1615 2554 regis
1668 2458 1853 2531 filius
1904 2478 2047 2532 non
2076 2459 2375 2550 fuisset3
2426 2461 2617 2533 idem

609 2582 897 2657 quoque
952 2555 1235 2652 legibus
1285 2554 1618 2633 civilibus
1690 2560 1777 2631 ab
1830 2580 2010 2652 rege
2065 2556 2298 2632 Olavo
2364 2570 2615 2634 sancto

609 2660 774 2734 latis
826 2660 1247 2754 prohibitum
1303 2678 1499 2734 esse.
1615 2654 1774 2733 Hoc
1841 2669 2117 2754 pactum
2189 2672 2619 2736 conventum

598 2768 768 2831 ¹erat
818 2762 1004 2830 inter
1052 2758 1664 2854 archiepiscopum
1691 2760 2110 2853 Eysteinem
2145 2771 2218 2854 et
2248 2761 2619 2855 Erlingum

611 2856 1005 2951 dynastam,
1056 2862 1277 2955 inquit
1319 2878 1452 2930 rcx
1507 2856 1862 2946 Sverrer,
1911 2873 1989 2934 ut
2033 2860 2622 2956 archiepiscopus

413 2967 425 2973 ‘
502 2993 506 2998 ·
610 2958 824 3032 filium
895 2960 1053 3052 ejus
1141 2977 1407 3053 regem,
1460 2962 1958 3052 inauguraret,
2034 2961 2374 3054 Erlingus
2442 2980 2642 3051 vero·

614 3058 916 3152 dynasta
968 3057 1512 3154 archiepiscopo
1565 3063 1843 3132 veniam
1905 3065 2374 3156 permitteret,
2426 3081 2622 3160 ‹111ae-

610 3162 731 3233 vis
780 3159 1066 3253 legibus
1135 3164 1528 3249 contraria,
1594 3184 1756 3256 quae
1807 3163 2227 3235 auctoritate
2296 3184 2427 3235 sua
2494 3157 2622 3233 ob·

611 3261 907 3333 trudere
938 3261 1218 3348 colonis
1248 3263 1624 3355 potuisset,
1649 3259 2028 3355 irrogandl.
2123 3259 2341 3353 Quod
2383 3279 2623 3357 neque

617 3362 913 3448 diviniS,
967 3383 1201 3456 neque
1257 3361 1582 3434 civilibus
1632 3358 1845 3454 hujus
1881 3371 2095 3436 terrae
2133 3358 2422 3456 legibus
2451 3383 2623 3433 con-

613 3470 1030 3535 sentaneum
1076 3462 1338 3546 fuisse,
1390 3460 1559 3530 mihi
1612 3462 1897 3556 quidem
1951 3464 2254 3536 videtur.
2366 3458 2625 3549 Aliter,

614 3563 683 3634 si
732 3569 847 3646 tu,
918 3562 1257 3655 episcope
1280 3610 1300 3645 ,
1367 3560 1662 3640 reditus
1710 3570 1874 3633 tuos
1925 3573 2297 3657 tantopere
2348 3583 2623 3656 augere

614 3660 843 3753 cupiS‚
893 3654 1206 3754 postulo,
1253 3667 1333 3730 ut
1379 3655 1550 3730 mihi
1596 3664 1875 3734 veniam
1925 3663 2330 3757 permittaS,
2376 3665 2629 3757 regios

612 3760 893 3831 reditus
957 3758 1364 3832 tantundem
1414 3761 1761 3852 augendi,
1830 3771 2053 3858 tuque
2108 3766 2290 3849 deo,
2343 3763 2627 3835 colonis

689 3906 736 3974 ¹)
766 3910 925 3971 'Talea
958 3899 1136 3967 *uncie
1181 3908 1303 3965 alias
1352 3911 1594 3966 dicuntur
1641 3909 1952 3977 (estimant,
2000 3916 2148 3987 quasi
2195 3915 2384 3988 quibua
2433 3930 2627 3969 certum

614 4001 838 4071 pretinm
885 4024 944 4057 cx
988 4005 1228 4059 condicto
1276 4003 1513 4059 additum
1558 4002 1748 4069 fuer-itt
1799 4006 1914 4060 talia
1962 4009 2099 4062 enim
2148 4009 2297 4062 uncia
2350 4008 2631 4062 duodecim

610 4093 776 4164 pauni
813 4096 1034 4170 vulgum·-
1070 4099 1312 4153 ulnarnm
1345 4097 1572 4169 pretium
1606 4100 1866 4169 equabat,
1900 4122 2020 4155 cum
2056 4099 2226 4157 uncina
2248 4102 2507 4176 regulares
2544 4117 2631 4155 sex

612 4186 766 4242 ”lna
800 4189 1041 4246 valerem·
1553 4243 1560 4250 .
1887 4233 1895 4242 -
2297 4229 2306 4236 ·
