2950 4709
635 388 814 479 276
1066 409 1433 462 maroam
1489 409 1729 458 nnc-is
1776 409 2234 491 svnnnnms„
2399 365 2655 469 (2261,

690 597 816 671 De
863 590 1086 667 rebus
1133 588 1422 690 Bitylos
1470 596 1809 763 Ξιηίενώαο
1867 589 2252 665 strandoe
2296 597 2611 667 interce-

1525 692 1679 762 enc‘
1722 713 1830 764 as,

850 792 1021 866 161.
1119 794 1281 866 Jam
1333 791 1545 884 Bagli
1599 802 2001 863 extrorsum
2053 811 2187 884 per
2237 795 2465 864 sinum
2519 797 2663 865 iter

644 904 1186 981 converterunt,
1251 893 1689 987 boreamque
1743 911 2009 965 versus
2061 889 2457 964 secundum
2510 903 2659 965 ter·

644 1018 793 1068 ram
845 1016 1131 1068 cursum
1186 992 1642 1078 direxerunt,
1711 995 1935 1086 primo
1987 985 2291 1083 Bergas.
2328 992 2660 1086 profecti,

643 1096 769 1168 ubi
835 1094 1199 1189 paulisper
1265 1095 1679 1165 commorati
1747 1099 1953 1178 sunt,
2029 1091 2295 1163 deinde
2362 1092 2657 1165 boream

643 1217 907 1267 versus
972 1197 1045 1264 in
1110 1190 1710 1266 Thrandheimum
1777 1191 2339 1278 contenderunt,
2417 1213 2657 1288 eoque

645 1316 742 1365 ex
792 1297 1177 1387 improviso
1234 1303 1729 1384 pervenerunt.
1836 1290 2159 1364 Aderant
2206 1295 2280 1361 in
2328 1297 2658 1386 emporio

641 1393 1078 1481 Birkibeini‚
1144 1391 1550 1464 Halvardus
1601 1390 1941 1485 Skygna‚
2006 1391 2230 1463 frater
2296 1391 2658 1464 Guttormi

646 1494 1207 1588 archiepiscopi,
1259 1512 1417 1564 cum
1469 1514 1602 1564 sua
1656 1491 1995 1578 cohorte,
2048 1494 2168 1586 qui
2220 1511 2380 1563 cum
2430 1497 2657 1564 omni-

643 1595 782 1670 bus
832 1592 1425 1668 commilitonibus
1472 1592 1891 1664 interfectus
1958 1601 2088 1666 est.
2188 1586 2401 1685 Bagli
2452 1596 2656 1686 oppi-

645 1697 809 1768 dum
865 1702 1299 1789 occuparunt
1349 1712 1533 1765 cum
1561 1695 1934 1766 sexcentis
2000 1694 2372 1784 sexaginta
2420 1692 2656 1765 militi-

644 1795 801 1866 buS.
900 1793 1013 1865 Eo
1087 1787 1414 1886 tempore
1479 1813 1689 1866 acres
1760 1801 1962 1863 erant
2012 1791 2306 1883 algores
2359 1802 2433 1864 et
2481 1815 2656 1866 con-

645 1883 1067 1988 gelationcs.
1185 1891 1398 1970 Tum,
1449 1890 1774 1992 praese-cti
1858 1895 2059 1984 regis
2129 1889 2510 1965 Sverreris
2580 1903 2658 1965 et

644 1993 883 2066 coloni
933 1994 1006 2064 id
1060 1991 1340 2064 consilii
1393 2000 1776 2085 ceperunt,
1826 2000 1907 2063 ut
1957 1994 2347 2064 exercitum
2400 1994 2657 2064 adver-

644 2115 778 2165 sus
831 2114 964 2165 eos
1017 2093 1365 2162 ducerent
1428 2101 1504 2161 et
1551 2094 1707 2162 acie
1763 2090 2264 2183 confligerent3
2341 2091 2657 2165 Gaulda-

645 2192 965 2264 lensibus
1015 2199 1325 2285 praeerat
1372 2190 1649 2283 Dyrius
1702 2190 1796 2262 de
1844 2189 2149 2278 mmsis,
2203 2189 2658 2269 Orkndalen-

644 2292 847 2368 sibus
873 2290 1205 2386 Eyolvus
1230 2289 1435 2362 Ailiil
1489 2290 1704 2378 filius,
1755 2294 1874 2385 qui
1915 2289 2174 2365 milites
2204 2292 2400 2365 mille
2431 2295 2655 2365 octin-

645 2402 908 2486 gentos
978 2390 1349 2464 habebant.
1468 2390 1679 2482 Quos
1746 2412 1906 2464 cum
1970 2389 2184 2484 Bagli
2248 2414 2392 2465 non
2457 2396 2658 2487 prius

645 2494 1325 2579 animadverterent,
1407 2513 1613 2587 quam
1675 2493 1749 2561 in
1810 2491 2145 2585 oppidum
2176 2494 2658 2580 invaderent,

649 2594 925 2666 obviam
982 2596 1090 2664 eis
1133 2593 1223 2663 ad
1259 2613 1498 2664 arcem
1549 2589 1878 2684 profecti,
1929 2590 2113 2663 hanc
2147 2591 2656 2679 defendebant,

645 2714 928 2788 ‘eosque
968 2695 1283 2763 -introitu
1352 2688 1840 2785 prohibebant.
1918 2686 2191 2762 Pridie
2241 2687 2451 2785 Bagli
2504 2692 2658 2786 gla-

613 2789 828 2864 'ciem
881 2791 969 2861 ab
1021 2812 1190 2862 arce
1240 2791 1330 2861 ad
1381 2804 1666 2884 pontem
1716 2812 1951 2886 usque
2006 2792 2477 2864 excidendam
2532 2815 2658 2865 cu·-

645 2899 900 2962 rarant.
999 2890 1161 2960 Hoc
1209 2910 1389 2961 vero
1442 2890 1560 2961 die
1611 2889 1757 2962 tela
1804 2895 1991 2963 inter
2039 2912 2125 2962 se
2168 2896 2662 2987 conjecerunt,

576 3075 583 3080 ,
648 2988 1133 3084 compluribus
1183 2993 1514 3085 utrinque
1564 2989 1995 3080 vulneratis,
2044 2986 2381 3087 Philippo
2433 2992 2657 3084 Vegi-

646 3095 854 3163 nensi
921 3094 1179 3184 sagitta
1238 3094 1403 3164 icto.
1522 3087 1806 3178 Coloni,
1866 3111 1950 3162 re
2033 3095 2144 3165 sic
2226 3102 2658 3186 comparata,

650 3193 932 3264 domum
982 3192 1373 3278 redierunt,
1424 3212 1660 3285 neque
1713 3192 2087 3286 quidquam
2116 3192 2474 3286 prolicere
2525 3214 2656 3285 po·

645 3302 951 3374 tuerunt.
1049 3290 1314 3364 Paucis
1363 3294 1794 3363 intermissis
1846 3292 2178 3365 noctibus
2229 3291 2468 3365 coloni
2520 3295 2656 3362 ite-

645 3413 799 3464 rum
868 3395 939 3460 in
1004 3391 1339 3483 oppidum
1406 3391 1942 3461 contenderunt.
2043 3390 2253 3482 Quos
2317 3392 2659 3465 deorsum

646 3512 780 3583 per
829 3488 1282 3580 Steinbjarga
1345 3492 1487 3561 iter
1549 3490 1898 3566 facientes
1963 3489 2177 3583 Bagli
2242 3495 2660 3584 conspicati,

648 3609 899 3660 eorum
927 3588 1013 3658 ad
1025 3598 1309 3659 ventum
1341 3601 1769 3682 exspectare
1799 3590 2202 3678 noluerunt,
2243 3592 2659 3686 oppidoque

648 3696 1154 3776 excesserunt3
1204 3691 1344 3778 iter
1394 3692 1905 3778 continuarunt,
1958 3692 2191 3763 donec
2229 3695 2301 3761 in
2328 3690 2658 3763 Maeriam

646 3786 1028 3860 australem
1083 3800 1591 3882 pervenerunt,
1640 3789 1800 3864 aliis
1853 3794 1927 3881 in
1956 3788 2441 3883 Borgundam,
2493 3788 2659 3862 aliis

642 3885 1144 3981 Thingvallum
1196 3888 1798 3977 concedentibus,
1849 3889 2110 3985 quibus
2160 3890 2367 3977 locis,
2421 3890 2660 3962 donec

645 3987 904 4059 festum
958 3989 1315 4082 paschatis
1366 3999 1766 4084 appeteret,
1815 4010 1953 4061 ver
2004 3999 2527 4084 transegerunt.

719 4163 765 4238 ξ)
800 4166 988 4233 Helvii,
1022 4166 1086 4221 F.
