2950 4709
358 392 433 459 c,
463 390 607 457 104,
816 391 1182 442 rus-roma
1235 387 1461 439 nnete
1518 367 1956 440 ‘svamm-nus.
2218 357 2383 449 177

358 575 712 666 lucratus3
794 597 954 647 nam
1022 577 1141 671 qui
1203 584 1413 648 antea
1440 647 1452 660 ‚
1483 574 1740 668 opibus
1807 572 2232 659 abundarat,
2301 572 2379 645 fit

359 680 601 763 miser,
656 679 1027 748 mendicus
1083 686 1158 746 et
1211 695 1502 770 pauper,
1567 678 1630 745 si
1686 675 2013 746 ebrietati
2063 694 2208 744 non
2257 695 2375 744 re-

359 780 643 849 nuntiat.
744 776 1070 847 Alterum
1127 776 1493 847 ebrietatis
1536 778 1777 846 vitium
1816 785 1951 861 est,
2003 773 2194 869 quod
2228 794 2377 844 me-

360 881 652 949 moriam
707 879 1050 962 destruat,
1103 876 1288 947 adeo
1340 885 1417 947 ut
1467 874 1705 962 homo,
1759 896 1918 970 quae
1969 877 2375 945 meminisse

362 988 672 1072 oportet,
724 976 1208 1049 obliviscatur.
1310 976 1663 1061 Tertium,
1717 976 1907 1069 qvod
1961 974 2175 1046 bomo
2230 982 2377 1045 tum

362 1081 783 1171 pravissima
832 1081 1106 1171 quaevis
1159 1080 1461 1169 appetit,
1518 1097 1754 1170 neque
1808 1079 2147 1168 pecunias
2199 1077 2375 1166 inJu-

364 1186 478 1247 ste
533 1199 889 1271 occupare
942 1186 1062 1247 aut
1113 1176 1457 1247 mulieres
1496 1196 1753 1268 rapere
1788 1176 2073 1247 dubitat.
2141 1173 2374 1266 Quar-

364 1284 507 1348 tum
561 1281 790 1348 nimiae
841 1275 1252 1349 vinolentiae
1307 1278 1548 1348 vitium
1607 1285 1754 1362 est,
1824 1276 2017 1369 quod
2073 1275 2378 1368 impellit

361 1374 742 1466 bominem,
793 1400 887 1448 ne
940 1399 1147 1470 quam
1196 1397 1375 1464 rem,
1430 1377 1691 1447 dictum
1733 1374 2109 1462 factumve,
2164 1394 2374 1470 aequo

363 1482 594 1548 animo
647 1479 869 1563 ferat,
937 1476 1313 1571 illatasque
1378 1475 1846 1547 contumelias
1915 1476 2132 1570 duplo
2186 1487 2373 1546 atro·

365 1580 525 1648 cius
578 1584 812 1672 quam‘
835 1598 967 1671 pro
1002 1578 1275 1647 meritis
1303 1575 1727 1664 ulciscatur3
1780 1579 2074 1668 insuper
2106 1576 2196 1645 ad
2230 1597 2373 1646 ma-

280 1741 287 1746 .
366 1673 629 1748 ledicta
679 1679 748 1746 in
782 1680 1103 1748 insontes
1138 1677 1466 1768 jacienda
1494 1677 1798 1766 instigat.
1895 1675 2055 1746 Hoc
2088 1696 2373 1770 quoque

365 1780 607 1848 vitium
660 1777 989 1848 ebrietati
1048 1776 1408 1861 adhaeret,
1478 1774 1670 1870 quod
1722 1773 1992 1862 homo,
2046 1785 2374 1869 quantum

232 1883 239 1890 “
364 1880 438 1947 in
487 1881 646 1971 ipso
701 1887 851 1963 est,
921 1897 1185 1970 corpus
1246 1899 1450 1948 suum
1506 1874 1882 1967 defatigat,
1953 1897 2095 1972 quo
2149 1878 2376 1947 minus

367 1976 660 2049 labore-s
727 1977 1055 2070 perferre
1123 1986 1368 2071 queat,
1448 1987 1527 2049 ut
1609 1975 1872 2066 vigiliis
1941 1975 2375 2062 conficiatur,

364 2080 781 2169 sangvinem
835 2099 933 2149 ex
977 2078 1311 2155 omnibus
1371 2076 1669 2148 artubus
1722 2081 2016 2163 amittat,
2089 2077 2375 2147 damno-

368 2200 508 2273 que
561 2178 985 2250 valetudiuis
1037 2180 1326 2273 perdat,
1397 2198 1630 2273 eaque
1687 2199 1771 2248 re
1824 2182 2192 2249 sanitatem
2248 2178 2374 2247 de-

364 2286 610 2349 struat.
715 2278 1037 2371 Cumque
1089 2300 1213 2350 res
1280 2282 1352 2348 in
1409 2287 1549 2349 tam
1600 2279 1910 2372 iniquum
1961 2276 2194 2348 locum
2250 2276 2375 2348 de·

369 2376 581 2450 ducta
633 2386 770 2462 est,
821 2387 899 2448 ut
948 2376 1157 2463 bona,
1206 2377 1569 2464 valetudo,
1621 2398 1824 2448 mens
1876 2399 2086 2463 sana,
2141 2376 2377 2447 ebrie-

367 2485 513 2548 tate
549 2479 965 2563 interierint,
1017 2485 1161 2548 tum
1192 2476 1492 2570 impellit
1525 2477 1903 2562 bominem,
1945 2485 2025 2548 ut
2050 2479 2376 2563 animum,

365 2578 603 2648 adhuc
655 2579 1039 2669 integrum,
1094 2577 1476 2671 deperdat3
1530 2586 1675 2648 tum
1726 2574 2079 2663 hortatur,
2132 2585 2211 2647 ut
2258 2597 2375 2646 re-

365 2688 526 2750 ctos
575 2699 825 2750 mores·
872 2686 1212 2772 rectaque
1266 2686 1625 2771 praecepta
1674 2676 2029 2771 negligat,
2083 2686 2377 2771 peccata

367 2788 674 2871 appetat,
726 2778 962 2849 Deum
994 2782 1550 2872 omnipotentem
1587 2798 2009 2873 omnemque
2033 2780 2374 2870 justitiam

365 2889 766 2965 aversetur,
805 2887 1054 2973 'neque
1106 2880 1485 2974 quidquam
1541 2901 1829 2967 eorum,
1882 2900 2042 2973 quae
2096 2878 2376 2964 fecerit,

366 2979 811 3050 recordetur.
877 2973 1037 3050 Jam
1090 2984 1392 3050 animum
1444 2981 1819 3066 advertite,
1871 2982 2103 3049 nimiae
2141 2979 2373 3049 ebrie-

364 3081 488 3166 tati
540 3078 797 3163 dediti,
850 3099 1008 3148 cum
1063 3079 1273 3150 vobis
1325 3100 1466 3150 uno
1519 3078 2222 3173 temporexebrietati
2273 3076 2373 3150 vi-

364 3190 604 3272 taeque
655 3179 1191 3247 renuntiandum
1260 3181 1434 3263 erit,
1506 3201 1548 3249 a
1615 3200 1755 3272 quo
1818 3182 2116 3248 animum
2168 3199 2374 3248 rece-

364 3287 559 3373 ptum
610 3279 699 3347 iri
750 3275 1096 3348 credibile
1131 3281 1242 3349 sit.
1322 3279 1795 3364 Mementote,
1849 3286 2177 3372 quantum
2212 3276 2375 3348 talis

364 3381 510 3450 vita
559 3395 601 3448 a
650 3387 856 3470 recta
900 3378 1186 3449 vivendi
1238 3381 1531 3450 ratione
1570 3380 1801 3449 distet.
1915 3376 1995 3447 In
2047 3379 2375 3449 omnibus

368 3481 554 3548 enim
605 3477 828 3551 rebus
880 3479 1275 3549 moderatio
1327 3481 1682 3551 servanda
1734 3487 1864 3552 est.
1967 3478 2247 3550 Milites
2299 3482 2374 3548 in

368 3595 551 3670 pace·
615 3597 958 3669 agnorum
1026 3583 1249 3651 instar
1299 3585 1644 3681 mapsveti
1698 3600 1870 3651 esse
1926 3579 2229 3665 debent,
2302 3582 2373 3649 in

366 3674 565 3749 bello
619 3676 906 3749 leonum
957 3682 1179 3751 instar
1240 3679 1552 3753 seroces.
1669 3681 1994 3752 Eundem
2048 3690 2374 3751 tenorem

365 3782 533 3850 vitae
569 3787 1009 3851 mercatores
1048 3788 1121 3851 et
1149 3780 1387 3852 coloni
1414 3801 1712 3854 servare
1745 3780 2030 3868 debent,
2082 3788 2156 3850 ut
2189 3799 2373 3872 opes

358 3882 554 3972 juste
612 3887 686 3949 et
736 3887 970 3950 tamen
1023 3901 1199 3960 cum,
1238 3880 1486 3952 labore
1534 3883 1930 3976 acquirant,
1983 3881 2375 3975 prudenter

368 3990 827 4068 conservent,
863 3979 1258 4075 liberaliter
1282 3981 1686 4073 largiantur.
1740 3980 2131 4051 Inferiores
2166 3988 2371 4071 grato

368 4083 510 4153 sint
560 4083 833 4170 animo,
892 4090 968 4155 et
1026 4102 1165 4155 suo
1233 4083 1537 4178 quisque
1604 4083 1962 4177 superiori
2012 4077 2371 4151 benevolo

437 4207 559 4263 vot.
597 4207 649 4263 8.
