2950 4709
326 381 397 448 c⁶
438 376 660 450 83-85.
765 380 1133 432 msa-oum
1186 380 1412 433 anais
1467 377 1903 434 aventinum.
2078 383 2087 392 ¹
2155 347 2339 458 ,143

324 564 796 640 bdomadibus
827 568 921 638 in‘
947 567 1211 660 oppido
1255 569 1669 653 consumtis,
1716 561 2216 657 Tunsbergum
2246 583 2335 636 se

328 667 643 739 eontulit.
747 665 1082 760 Kongela
1110 666 1480 761 profectus
1518 665 1694 755 duas
1742 686 1992 750 naveS‚
2043 685 2338 759 quarum

328 766 552 840 altera
581 765 837 859 Keipa,
889 767 1112 837 altera
1140 766 1529 837 Vallabuza
1557 764 2065 859 appellabatur,
2119 768 2339 839 duxit.

505 865 766 938 Oratio
818 869 1022 961 reyis
1072 865 1338 962 Maym’
1394 866 1504 937 ‘ad
1570 863 2172 959 umber-yeme&

529 964 650 1036 84.
720 966 885 1037 Rex
937 967 1252 1056 Magnus
1290 964 1697 1057 Tutisbergi
1749 965 1936 1035 bene
1992 965 2339 1062 ex‘ceptus

331 1074 479 1155 θεῖς
529 1065 647 1136 hic
700 1089 857 1137 eum
912 1088 1161 1157 magna
1213 1065 1300 1136 ad
1358 1087 1519 1136 eum
1571 1065 1922 1136 hominum
1967 1064 2339 1141 multitudo

332 1187 425 1238 ex
482 1161 1021 1237 mediterraneis
1092 1166 1634 1254 descendisset,
1702 1163 2005 1237 concilio
2071 1189 2339 1242 convo-

332 1278 515 1353 cato,
571 1270 961 1337 orationem
1017 1286 1231 1336 orsus
1283 1265 1472 1336 hunc
1522 1269 1595 1336 in
1613 1219 1906 1338 ⁹modum
1961 1263 2182 1339 verba
2231 1270 2339 1340 fe-

330 1371 461 1438 cit:
514 1365 723 1437 vobis
775 1365 963 1437 haud
1016 1365 1230 1436 dubie
1259 1374 1501 1437 notum
1557 1376 1692 1451 est,
1742 1369 1988 1460 inquit,
2041 1380 2342 1460 quantos

328 1470 400 1536 in
450 1469 751 1559 imperio
800 1466 1091 1536 labores
1158 1488 1246 1536 ae
1296 1465 1748 1537 difficultates
1798 1464 2340 1559 pertulerimus3

330 1584 518 1643 nune
572 1585 613 1636 a
667 1564 877 1636 vobis
928 1563 1353 1658 aliquantum
1396 1565 1639 1635 auxilii
1675 1575 1868 1658 peto,
1917 1573 1994 1636 ut
2043 1587 2343 1659 regnum

329 1671 646 1737 retinere
698 1661 1011 1757 possim,
1067 1668 1463 1736 etiamnunc
1519 1686 1688 1751 oro,
1741 1674 1819 1736 ut
1868 1664 2035 1734 mihi
2085 1684 2180 1737 ex
2228 1667 2343 1740 bis

332 1764 517 1840 locis
569 1768 816 1858 copias
871 1766 1080 1850 datie,
1131 1762 1341 1836 vobis
1394 1768 1705 1836 vicissim
1756 1764 2132 1858 pollicens,
2183 1768 2343 1839 sore

331 1875 411 1938 ut
459 1874 715 1960 postea
767 1864 906 1936 hoe
961 1866 1207 1935 oneris
1262 1864 1470 1935 vobis
1523 1868 1786 1958 imponi
1836 1886 2147 1937 necesse
2206 1882 2385 1939 non*

318 1970 458 2053 -sit3
511 1987 668 2035 nam
719 1964 1256 2059 haudquaquam
1309 1967 1556 2035 mirum
1611 1972 1745 2048 est,
1797 1967 1860 2036 si
1896 1968 2038 2058 jam
2092 1965 2345 2039 elassi-

309 2087 496 2138 ·cum
561 2067 972 2157 remigium,
1054 2068 1322 2159 saepius
1401 2086 1841 2159 magnopere
1911 2066 2346 2157 damnosum,

332 2168 620 2239 taedium
682 2163 1082 2237 hominihus
1149 2164 1482 2239 attulerit.
1586 2162 1740 2236 Sed
1808 2171 2133 2259 quoniam
2205 2188 2347 2261 ego

332 2275 589 2338 unctus
639 2268 1239 2358 inauguratusque
1292 2264 1395 2337 fui
1426 2264 1640 2359 hujus
1669 2269 1870 2358 regni
1900 2287 2058 2353 rex,
2110 2267 2348 2340 Deum

271 2439 278 2446 ,
336 2369 635 2452 verituS,
678 2366 1187 2458 jusjurandum,
1233 2386 1375 2459 quo
1427 2388 1583 2436 sum
1639 2364 2062 2453 obstrictus,
2148 2361 2346 2439 nullo

337 2469 551 2538 modo
603 2465 876 2538 violare
908 2464 1183 2553 audeo;
1241 2486 1459 2559 quare
1493 2475 1761 2536 certum
1798 2464 1964 2536 mihi
2019 2476 2154 2552 est,
2204 2466 2349 2540 boc
2386 2485 2395 2489 ·

337 2589 637 2660 regnum
693 2570 850 2638 acie
906 2576 980 2638 et
1046 2585 1387 2637 mucrone
1455 2574 1837 2664 repetere,
1911 2566 2144 2660 quoad
2207 2569 2350 2639 vita

339 2677 710 2762 suppetet,
776 2687 1078 2761 meaque
1149 2676 1383 2738 castra
1470 2651 1710 2737 coloni
1792 2668 2000 2760 sequi
2064 2666 2347 2757 volent3

343 2788 733 2862 quanquam
785 2769 996 2839 video
1050 2770 1434 2854 rationem,
1499 2761 1668 2837 mihi
1720 2766 2004 2860 quidem
2058 2776 2131 2839 et
2179 2766 2350 2839 faci·-

303 2866 594 2939 ·liorem
649 2876 753 2938 et
770 2870 1019 2939 minori
1069 2866 1395 2962 periculo
1451 2871 1912 2960 conjunctam,
1964 2875 2043 2939 ut
2068 2871 2350 2961 provin-

340 2972 519 3039 eiam
573 2990 613 3038 a
665 2989 842 3061 rege
895 2968 1320 3039 Valdamare
1370 2971 1768 3062 propinquo
1835 2975 2000 3038 meo
2065 2968 2350 3038 admini-
2407 3031 2411 3034 ,

340 3060 698 3140 strandam
747 3071 1103 3158 accipiam.
1179 3067 1411 3159 Regis
1462 3071 1691 3138 oratio
1744 3087 1993 3158 magua
2046 3072 2354 3140 omnium
2406 3129 2411 3136 .

340 3167 845 3238 acclamatione
894 3175 1189 3256 accepta
1244 3176 1379 3251 est,
1435 3165 1851 3255 dicentium,
1921 3168 1988 3235 ei
2037 3188 2123 3237 se
2179 3188 2353 3260 ope-

339 3288 490 3338 ram
515 3274 894 3335 navaturos
922 3273 1299 3358 castraque
1331 3266 1490 3357 ejus
1518 3275 1902 3336 secuturos
1917 3289 1943 3352 3,
1985 3275 2356 3358 praestare,

284 3365 287 3366 ⁷
345 3389 505 3437 cum
560 3386 675 3450 eo,
719 3367 919 3456 justo
975 3383 1180 3455 rege,
1233 3364 1520 3452 eadere,
1574 3386 1780 3458 quam
1820 3364 2180 3437 sacerdoti
2233 3387 2353 3459 pa-

342 3486 535 3551 rere,
588 3469 706 3558 qui
760 3463 1090 3537 natalium
1144 3463 1376 3535 habita
1404 3468 1680 3536 ratione
1711 3463 2024 3536 nullum
1995 3485 2118 3558 jus
2148 3469 2356 3560 regni

346 3565 640 3637 babeat.
724 3559 1247 3656 Tunsbergiani
1300 3568 1368 3635 ei
1423 3586 1702 3637 navem·
1729 3563 2011 3656 longam
2065 3565 2357 3661 oppida-

340 3670 456 3737 nis
519 3665 707 3736 bene
794 3667 1207 3735 instructam
1294 3664 1663 3737 dederunt.
1730 3679 1748 3693 ⁸
1814 3664 1984 3736 Rex
2069 3665 2357 3738 dimidio

341 3787 595 3837 mense
664 3763 761 3834 ibi
831 3776 1244 3851 consumto,
1311 3765 1604 3837 boream
1678 3787 1940 3862 versus
1992 3765 2359 3863 profectus

345 3876 483 3954 est,
535 3864 769 3939 ventis
822 3865 1051 3935 minus
1099 3863 1663 3958 obsequentibus
1714 3888 1913 3938 usus.
1990 3953 1999 3959 ,

952 3960 1073 4035 De
1125 3959 1383 4036 Manio
1434 3962 1760 4038 Islando.

547 4062 667 4135 85.
736 4063 903 4135 Rex
927 4065 1280 4157 Magnus
1294 4086 1379 4137 ac
1428 4067 1540 4135 sui
1582 4089 1786 4138 unam
1836 4028 2358 4138 hebdomadem

347 4143 439 4237 ad
522 4164 1020 4259 Unnardysam
1102 4168 1174 4237 in
1256 4162 1488 4239 Listio
1570 4166 2097 4255 detinebantur3
2192 4175 2361 4237 tunc
