2950 4709
416 376 622 445 (3.77.·
853 381 1219 433 msronm
1275 382 1498 431 nnms
1552 380 1989 431 smum-:msa
2079 413 2083 420 .
2260 356 2430 442 133

414 563 549 636 fuit
596 561 1002 635 altitudinis,
1102 563 1271 636 Rex
1323 586 1608 636 sursum
1677 572 1943 658 praeter
2005 553 2209 635 'aedes
2275 568 2426 659 epi-

414 661 754 756 scopales
807 665 1225 751 contendit,
1282 666 1447 735 inde
1501 686 1716 758 supra
1768 663 2105 757 paludem
2167 674 2241 736 et
2285 664 2427 735 Co-

414 786 640 858 pmm,
690 763 858 833 inde
883 786 1016 858 per
1044 766 1383 837 interiora
1415 766 1630 856 snpra
1659 764 1961 850 Nicolai‚
2010 763 2132 835 ubi
2162 763 2431 858 aliquot

413 883 711 935 suorum
764 865 853 936 ad
910 886 1069 938 eum
1107 875 1630 952 convenerunt3
1685 865 1852 934 inde
1889 885 2020 958 per
2050 868 2429 957 superiora

414 972 808 1056 pergentes
859 966 1242 1035 introrsum
1293 965 1382 1034 ad
1437 959 1653 1035 Olavi
1709 965 2250 1050 contenderunt,
2301 967 2426 1034 mi-

417 1061 658 1134 litibus
709 1064 795 1133 ad
865 1084 1028 1134 eum
1095 1064 1635 1136 confluentibus,
1735 1062 2172 1149 Birkibeini,
2236 1065 2431 1157 quod

418 1185 624 1255 quam
676 1162 1057 1239 celerrime
1126 1165 1197 1233 in
1265 1164 1468 1235 aedes
1530 1167 2227 1257 regiasproperare
2299 1184 2427 1234 vo-

417 1260 719 1349 luerant,
772 1264 1101 1356 oppidum
1156 1263 1463 1335 nondum
1541 1264 2010 1357 explorarent.
2079 1262 2258 1334 Cum
2300 1283 2428 1334 ve-

412 1361 661 1433 xillum
712 1366 912 1455 regis
942 1361 1317 1438 Sverreris
1340 1362 1426 1434 ab
1482 1365 1801 1439 interiori
1831 1363 2092 1457 oppido
2122 1366 2192 1436 in
2227 1362 2431 1433 aedes

416 1465 658 1554 regias
703 1462 1180 1549 inserebatur,
1242 1464 1546 1537 alterum
1608 1466 1887 1555 signum
1940 1463 2026 1532 ab
2083 1465 2430 1534 exteriori

418 1564 680 1656 oppido
749 1583 882 1656 per
950 1585 1188 1639 aream
1255 1564 1541 1637 obvium
1615 1562 2019 1649 ferebatur,
2108 1565 2429 1656 utrisque

418 1661 561 1733 tela
614 1665 685 1732 in
735 1665 967 1738 vicem
1014 1663 1464 1755 jacientibus,
1509 1665 1795 1757 jamque
1846 1684 2072 1755 prope
2128 1671 2302 1746 erat,
2353 1671 2434 1731 ut

416 1765 602 1833 inter
649 1783 740 1833 se
807 1764 1314 1854 confligerent,
1384 1785 1545 1834 cum
1612 1773 2095 1854 agnoverunt,
2162 1762 2428 1831 adesse

415 1861 733 1935 Eirikum
784 1866 984 1954 regis
1026 1862 1271 1936 filium.
1354 1861 1536 1933 Tum
1587 1865 1905 1934 universi
1956 1864 2047 1933 ad
2099 1861 2430 1955 palatium

415 1962 990 2049 descenderunt,
1074 1965 1291 2058 idque
1368 1962 1838 2034 vehementer
1918 1970 2432 2056 oppugnarunt.

413 2064 782 2154 Magniani
849 2084 935 2133 se
1000 2067 1215 2133 armis
1270 2073 1343 2134 et
1392 2066 1594 2134 saxis
1644 2061 2125 2133 fornacalibus
2176 2060 2427 2132 delen-‘-

419 2163 715 2250 debant3
768 2162 887 2233 hic
940 2163 1058 2233 diu
1090 2172 1493 2256 pugnatum,
1549 2162 1782 2233 multis
1815 2173 1889 2233 et
1921 2161 2226 2233 fortibus
2254 2163 2431 2232 viris

416 2262 855 2340 cadentibus,
973 2261 1119 2333 Ubi
1204 2284 1383 2334 vero
1452 2284 1704 2354 regem
1778 2261 1877 2331 ibi
1943 2283 2087 2333 non
2155 2263 2435 2331 versari

417 2371 949 2454 cognoverunt,
1013 2384 1151 2437 rex
1220 2359 1536 2433 Sverrer
1607 2361 1970 2458 plerisque
2020 2360 2431 2454 petentibus

416 2483 665 2555 pacem
717 2465 1103 2533 concessit.
1184 2462 1492 2554 Eystein
1523 2461 2127 2554 ‘archiepiscopus
2179 2480 2431 2530 navem

413 2584 618 2635 suam
671 2562 762 2634 ad
811 2571 1071 2655 pontes
1118 2561 1423 2634 Jonicos
1475 2564 1734 2649 tenuit3
1804 2559 2016 2652 hujus
2079 2556 2434 2630 satellites

416 2683 579 2733 cum
630 2665 844 2734 armis
898 2671 1374 2733 excurrentes
1425 2664 1524 2731 inx
1552 2682 1841 2754 campos
1890 2659 2192 2731 Jonicos
2261 2669 2431 2729 con-

417 2762 824 2846 tenderunt,
876 2765 1037 2853 regi
1087 2761 1360 2853 Magno
1414 2782 1624 2854 opem
1675 2760 1916 2857 laturi:
1987 2760 2124 2831 sed
2178 2778 2431 2829 occur-

419 2871 667 2933 rentes
746 2860 1146 2933 Birkibeini
1227 2863 1512 2952 triginta
1581 2882 1676 2931 ex
1744 2864 1851 2932 eis
1899 2859 2434 2945 interfecerunt,

416 2961 741 3055 reliquos
772 2983 1024 3033 omnes
1053 2960 1493 3053 repulerunt,
1541 2961 2173 3054 compluribusqui
2207 2957 2435 3051 elapsi

413 3071 586 3132 sunt
612 3060 1040 3148 vulneratis3
1090 3059 1209 3130 hic
1240 3064 1522 3151 cognati
1549 3060 2101 3153 archiepiscopi,
2155 3057 2434 3129 Olavus

417 3158 720 3251 Longus
775 3170 849 3253 et
899 3158 1380 3230 Gudbrandus
1406 3157 1813 3251 Thorbergi
1864 3159 2096 3244 filius,
2147 3158 2432 3227 cecide-

418 3269 602 3330 runt.
669 3257 750 3328 In
801 3258 1057 3351 palatio
1112 3258 1468 3329 interfecti
1518 3267 1684 3328 sunt
1730 3257 2130 3329 Halvardus
2154 3257 2434 3327 Marar-
2496 3347 2500 3351 Α

422 3357 633 3452 drap1
710 3368 785 3431 et
830 3356 1105 3430 Paulus
1170 3359 1398 3429 Eiriki
1460 3357 1647 3429 filius
1700 3356 2152 3451 Updalensis.
2237 3355 2436 3426 'Cum

419 3480 557 3529 rex
605 3459 921 3550 Magnus
972 3481 1058 3530 ac
1124 3462 1239 3530 sui
1304 3462 1374 3527 in
1444 3462 1803 3551 superiori
1865 3460 2166 3551 regione
2234 3464 2436 3526 extra

418 3558 810 3630 coenobium
880 3557 1278 3631 monialium
1349 3562 1896 3646 convenissent,
1966 3580 2104 3628 rex
2178 3577 2434 3648 magno

416 3658 712 3731 militum
762 3680 1056 3730 suorum
1110 3679 1424 3730 numero
1465 3664 1811 3747 occurrit3
1884 3681 2068 3752 quos
2119 3680 2276 3729 cum
2331 3659 2434 3726 in-

418 3766 846 3851 terrogaret,
896 3780 987 3828 an
1035 3762 1110 3829 in
1161 3759 1492 3851 oppidum
1544 3763 1814 3830 reverti
1851 3768 1926 3829 et
1965 3757 2215 3851 praelio
2266 3777 2434 3827 con-

419 3859 724 3932 tendere
776 3856 1089 3943 vellent,
1157 3858 1406 3928 audire
1470 3862 1706 3955 neuim,
1773 3858 2230 3929 Birkibeinos
2285 3857 2435 3925 exi-
2512 3857 2519 3862 '

312 4016 316 4022 .
417 3980 632 4050 guam
693 3979 972 4029 manum
1001 4039 1008 4044 p
1039 3955 1347 4027 habere:
1413 3957 1819 4051 complures
1887 3957 2438 4050 responderunt,

420 4057 968 4148 imprudentium
1041 4079 1250 4142 esse,
1330 4058 1487 4126 sine
1540 4061 1753 4130 armis
1819 4062 1889 4128 in
1940 4054 2259 4149 praelium
2312 4055 2438 4122 de-

497 4184 549 4255 ι)
589 4187 928 4256 Man-aram,
967 4188 1047 4252 Βῆ
1083 4189 1416 4259 Mcrardrap,
1460 4187 1520 4241 F.
