2950 4709
308 377 386 440 c,
417 373 557 440 7-8‚
751 375 1117 425 msromn
1172 374 1396 425 nnc-rs
1451 371 1888 427 svmumnm
2215 344 2324 437 13

850 517 865 546 i

316 559 602 631 bundus
654 557 1215 652 pervagabatur,
1249 568 1324 630 et
1358 562 1635 631 interea
1665 558 1919 632 famem
1973 567 2048 630 et
2093 559 2325 654 frigus

314 659 687 732 tolerabat.
789 658 869 728 In
919 658 1463 731 Vermalanduin
1516 659 1834 746 delatuS,
1888 657 2145 732 obvios
2199 661 2323 734 ha-

314 761 470 831 buit
517 759 884 845 homines,
938 761 1053 852 qui
1109 780 1149 827 a
1200 759 1573 852 Nor-vegia
1625 760 2078 831 advenerant.
2180 760 2324 853 Qui

318 859 705 950 diligenter
768 861 1186 951 inquirenti,
1272 859 1435 952 quid
1504 861 1670 930 novi
1736 859 2135 947 adferrent,
2202 883 2326 933 res

315 958 822 1031 memorabiles
888 978 1182 1029 narrare
1233 958 1667 1029 habuerunt:
1736 980 1989 1052 regem
2039 960 2326 1053 Eystei-

318 1081 479 1130 nem
549 1077 593 1128 a
658 1058 977 1151 partibus
1044 1057 1462 1129 borealibus
1530 1062 1875 1130 orientem
1943 1081 2205 1133 versus
2254 1065 2341 1132 in-

316 1159 572 1231 Vikam
639 1158 1035 1251 profectum
1106 1180 1261 1230 cum
1315 1178 1497 1250 rege
1546 1158 1817 1252 Magno
1872 1159 1993 1255 [ad
2043 1159 2324 1232 Reuml

320 1260 733 1332 conflixisse
803 1267 878 1330 et
941 1280 1240 1329 unacum
1311 1278 1562 1349 magna
1612 1279 1899 1331 suorum
1955 1270 2152 1352 parte
2204 1282 2326 1333 ce·-

320 1359 627 1446 cidisse3
709 1353 963 1452 quibus
1028 1354 1312 1429 fortuna
1362 1361 1847 1450 pepercisset,
1912 1362 1983 1429 in
2030 1358 2328 1431 Verum·-

320 1458 603 1530 landum
673 1469 792 1529 aut
857 1455 1396 1528 Thelamarkam
1462 1467 1585 1527 aut
1648 1460 2013 1529 meridiem
2063 1479 2347 1533 versus·

322 1564 394 1630 in
452 1558 745 1626 Daniam
797 1560 1228 1650 protugisse.
1333 1554 1612 1646 Quibus
1656 1558 1878 1629 rebus
1917 1578 2074 1629 cum
2106 1559 2330 1631 Sver-⁸

320 1680 448 1729 rer
499 1657 795 1728 dolores
846 1677 1022 1728 suos
1077 1666 1152 1727 et
1202 1651 1657 1726 difficultates
1710 1678 2141 1749 magnopere
2174 1680 2332 1728 crc-

321 1760 538 1831 scere
591 1760 982 1842 sensisset,
1055 1766 1200 1828 tum
1251 1758 1548 1847 primum
1598 1755 1687 1826 ad
1739 1777 2064 1827 sororem
2122 1756 2333 1827 Ceci-
2396 1747 2404 1757 ⁸

212 1907 223 1915 -
325 1859 488 1929 liam
541 1856 898 1949 confugit,
953 1878 1145 1951 quae,
1214 1864 1293 1925 ut
1342 1858 1634 1949 primum
1690 1856 1782 1927 de
1834 1857 2142 1929 adventu
2191 1857 2331 1929 fra-

324 1961 454 2028 tris
516 1960 784 2027 certior
853 1966 1055 2027 esset
1123 1954 1344 2041 sacta,
1425 1956 1515 2026 ad
1598 1977 1758 2028 eum
1834 1960 2332 2051 excipiendum

329 2059 720 2128 convivium
803 2065 1194 2148 paraverat.
1333 2052 1478 2146 Qui
1554 2078 1716 2128 cum
1804 2061 2332 2145 convenissent,

329 2175 417 2227 ea
470 2154 681 2227 valde
752 2154 1243 2227 delectabatur
1295 2174 1597 2250 eumque
1647 2176 1987 2251 perquam
2038 2162 2335 2231 comiter

329 2259 637 2348 excepit·
736 2255 966 2341 Dein,
1037 2255 1202 2349 quid
1265 2257 1684 2351 capiendum
1754 2257 2034 2329 consilii
2108 2269 2334 2346 esset,

326 2361 400 2427 in
465 2376 833 2427 commune
903 2353 1428 2442 deliberabant,
1495 2377 1731 2450 neque
1800 2360 1984 2427 enim
2056 2361 2125 2429 ei
2191 2370 2336 2430 tum

328 2465 527 2532 tutus
576 2458 644 2523 in
694 2454 1129 2546 Norvegiam
1181 2454 1454 2546 reditus
1508 2465 1684 2539 erat,
1738 2457 1926 2548 quod
1972 2453 2113 2548 jam
2154 2458 2337 2529 fama

331 2556 426 2625 de
478 2553 700 2623 rebus
755 2564 837 2624 et*
877 2553 1246 2624 itineribus
1300 2557 1459 2645 ejus
1515 2552 1916 2648 divulgari2
1986 2566 2336 2648 coeperat3

331 2675 553 2748 quare
609 2656 680 2723 ei
728 2657 1153 2750 tutissimum
1207 2654 1433 2723 visum
1493 2661 1628 2740 est,
1685 2663 1973 2725 exteras
2023 2658 2337 2747 ignotas-

335 2773 476 2848 que
528 2756 870 2843 regiones
921 2764 1196 2847 petere,
1247 2753 1484 2847 ibique
1536 2753 2042 2849 aliquantisper
2075 2775 2338 2852 exspe-

333 2864 570 2938 ctare,
639 2853 800 2923 dum
851 2853 1063 2924 Deus
1128 2851 1348 2924 rebus
1409 2855 1562 2944 suis
1629 2854 1894 2949 aliquid
1963 2856 2340 2929 levamenti

334 2953 641 3024 afferret.
1340 2969 1343 2972 ·
1859 2987 1872 3002 x

335 3049 755 3123 Birkibeim‘
807 3070 1107 3123 causam
1157 3069 1366 3125 suam
1419 3072 1666 3125 coram
1699 3047 2058 3127 Sverrere
2091 3062 2341 3151 ayunt.
2429 3099 2440 3108 —

534 3147 606 3221 ’8.
672 3150 833 3222 Jam
868 3155 1118 3243 ⁸tenuis
1168 3152 1290 3224 illa
1339 3153 1578 3240 factio,
1632 3176 1790 3246 quae
1828 3156 2078 3224 ducem
2118 3170 2345 3246 nuper

337 3255 693 3337 amiserat,
742 3250 959 3322 filium
1011 3255 1213 3344 regis
1256 3250 1552 3342 Sigurdi
1585 3249 1901 3322 Bronchi
1951 3255 2017 3320 in
2047 3252 2343 3336 Verma·

336 3350 619 3422 landum
671 3354 1094 3444 pervenisse
1145 3352 1428 3423 audivit.
1535 3350 1701 3442 Quo
1755 3355 2040 3442 cognito
2085 3350 2349 3444 singuli

339 3471 501 3521 eum
553 3452 903 3522 adeuntes
959 3461 1284 3537 orarunt,
1350 3460 1430 3523 ut
1481 3472 1715 3523 rerum
1768 3470 2052 3523 suarum
2107 3473 2342 3523 curam

336 3553 756 3645 imperiique
787 3569 1125 3622 summam
1181 3555 1251 3621 in
1288 3570 1373 3622 se
1402 3556 1823 3646 susciperet.
1890 3550 2159 3622 Verum
2188 3550 2351 3621 haec‘

336 3649 705 3722 multitudo
757 3671 1009 3743 magna
1075 3649 1327 3721 aflecta
1385 3661 1540 3722 erat
1589 3654 2002 3744 ignominia,
2071 3651 2362 3748 quidam

338 3753 654 3841 graviter
705 3750 1078 3838 vulnerati,
1131 3751 1248 3822 alii
1295 3751 1623 3823 vestibus
1658 3751 1964 3845 spoliati,
2018 3760 2092 3823 et
2140 3765 2352 3843 paene

338 3870 589 3921 omnes
640 3852 973 3923 inermes.
1090 3847 1466 3921 Praeterea
1534 3872 1784 3934 omnes
1852 3857 1989 3922 tani
2046 3849 2351 3942 juvenili

340 3958 549 4019 aetate
604 3957 841 4035 erant,
908 3960 989 4022 ut
1055 3949 1143 4021 ad
1212 3946 1484 4042 magna·
1533 3951 1986 4043 suscipienda
2056 3948 2351 4019 consilia

339 4050 570 4119 minus
621 4049 864 4120 idonei
916 4051 1353 4122 viderentur.'
1432 4043 1715 4139 Quibus
1759 4049 1883 4120 ille
1914 4053 2022 4120 sic
2050 4067 2351 4137 respon-

410 4174 458 4244 ι)
496 4176 624 4233 ωσι
667 4177 735 4242 Β,
777 4165 841 4233 Ε·
910 4179 958 4248 ·)
996 4181 1051 4234 in
1087 4178 1362 4255 norvegia,
1401 4177 1531 4232 aaa.
1574 4178 1640 4234 a.
