2950 4709
600 377 780 471 274
1026 406 1392 457 mss-omn
1447 403 1673 454 nnete
1728 404 2165 452 svennnms,
2367 398 2621 467 (2160,

481 679 490 685 ,
603 601 892 681 nerunt3
941 590 1109 662 inde
1161 589 1529 660 meridiem
1564 610 1827 661 versus
1878 589 1946 657 in
1974 586 2271 658 Daniam
2323 598 2624 660 conten-a
2670 653 2693 672 ,

608 695 904 779 derunt,
982 712 1164 783 rege
1233 688 1595 762 Sverrere
1665 691 2092 782 insequente
2169 698 2245 759 et
2306 686 2623 760 Lesoam

608 813 841 888 usque
883 794 1282 883 navigante.
1384 787 1530 879 Qui
1583 809 1740 859 cum
1796 791 2290 879 cognovisset,
2338 787 2621 880 Baglos

606 898 678 964 in
727 892 990 964 Jotiam
1042 892 1456 984 trajecisse,
1509 892 1581 958 in
1631 887 1883 958 Vikam
1938 908 2323 974 reversus',
2375 889 2623 983 ibique

606 1014 742 1088 per
790 1000 1108 1064 aestatem
1163 998 1639 1061 commoratus
1693 998 1842 1074 est,
1907 985 2165 1058 multas
2228 1010 2272 1059 a
2343 987 2628 1059 colonis

608 1113 741 1187 pro
804 1089 1306 1186 perduellione
1369 1092 1876 1182 impensasque
1945 1090 2018 1157 in
2080 1087 2387 1159 classem
2444 1110 2622 1158 exe-

556 1229 578 1248 r
609 1195 746 1285 git3
833 1211 1156 1283 maguum
1240 1187 1517 1258 habens
1583 1186 1869 1257 militum
1937 1209 2306 1259 numerum
2367 1185 2627 1259 Osloae

609 1290 980 1376 consedit,
1048 1306 1283 1383 eoque
1351 1286 1519 1357 loco
1581 1285 1897 1357 hiemare
1964 1290 2224 1358 statuit.
2343 1288 2623 1359 Eodem

608 1400 941 1462 autumno
991 1388 1238 1483 pellex
1290 1387 1635 1478 dynastae,
1690 1407 1876 1457 uxor
1913 1388 2340 1474 sacerdotiS,
2390 1410 2429 1457 a
2460 1408 2624 1481 par-

609 1490 800 1563 tibus
862 1485 1559 1583 septemtrionalihus
1627 1487 1953 1573 advenit,
2032 1505 2242 1581 wquam
2321 1489 2624 1579 dynasta

610 1594 843 1663 statim
875 1590 964 1661 ad
993 1611 1079 1662 se
1133 1591 1431 1680 recepit,
1485 1608 1664 1679 rege
1717 1605 1894 1658 vero
1944 1588 2412 1670 interdicente
2467 1609 2625 1658 eam

613 1691 702 1763 ad
756 1689 993 1762 villam
1045 1710 1273 1784 prope
1303 1691 1531 1773 sitam,
1583 1687 1856 1757 Akrum
1893 1688 2169 1773 dictam,
2222 1691 2430 1773 misit,
2482 1708 2625 1782 quo

611 1812 812 1884 saepe
865 1800 1081 1862 noctu
1129 1789 1366 1861 furtim
1420 1796 1940 1881 equo-vectuS,
1994 1808 2086 1857 eo
2139 1787 2304 1858 loco
2362 1808 2623 1882 perno-

612 1890 864 1962 ctabat.
966 1888 1250 1983 Saepius
1287 1909 1418 1959 rex
1457 1888 1825 1978 dynastam
1859 1887 2241 1974 admonuit,
2294 1889 2484 1983 quod
2521 1891 2624 1958 in-

612 2000 820 2061 cante
871 2010 957 2060 se
1014 1998 1338 2081 gereret:
1396 1997 1470 2059 et
1515 2008 1798 2073 vereor,
1851 1997 2180 2079 cognate,
2232 1991 2474 2082 inquit,
2527 2010 2624 2060 ne

612 2112 940 2181 magnum
1008 2088 1175 2159 inde
1237 2087 1444 2158 nohis
1530 2088 2043 2159 incommodum
2114 2088 2624 2183 proficiscatur.

608 2188 910 2259 Ineunte
962 2187 1152 2259 festo
1195 2184 1463 2280 jolensi
1513 2184 1726 2279 Bagli
1775 2208 1819 2259 a
1855 2188 2154 2260 meridie
2191 2212 2346 2259 cum
2381 2187 2624 2260 classe

614 2287 969 2361 celocium
1024 2309 1067 2360 e
1119 2288 1348 2359 Dania
1399 2290 1841 2380 navigarunt,
1891 2291 1964 2358 in
2017 2310 2160 2383 quo
2199 2291 2450 2359 itinere
2485 2312 2626 2360 una

615 2389 858 2476 celox,
912 2411 1119 2484 quam
1172 2388 1478 2460 ducebat
1526 2387 1790 2458 Audnn
1841 2385 2256 2480 ByleistuS,
2309 2388 2639 2461 velifica-

614 2493 811 2561 tione
862 2492 1164 2575 interiit,
1220 2487 1420 2559 nullo
1471 2488 1758 2559 homine
1808 2499 2120 2560 servato.
2220 2489 2340 2560 Ad
2391 2492 2619 2560 sinum

476 2658 484 2670 ,
615 2587 1055 2661 Osloensem
1108 2590 1365 2675 delati,
1415 2590 1812 2682 quindecim
1866 2587 2202 2675 celoces,
2255 2589 2624 2708 praesectis

610 2710 793 2781 rege
848 2690 1224 2782 designato
1278 2698 1353 2759 et
1397 2688 1713 2759 Reidare
1766 2687 2036 2781 legato,
2091 2693 2163 2758 in
2214 2693 2443 2760 sinum
2499 2692 2627 2759 mi

613 2799 900 2874 serunt3
954 2792 1074 2881 qui
1125 2809 1282 2857 cuni
1335 2788 1425 2857 ad
1476 2786 1926 2879 Hofudeyam
1981 2793 2385 2875 venissent,
2438 2793 2632 2860 inter

613 2908 703 2959 se
775 2885 1074 2958 consilia
1146 2886 1618 2957 contulerunt.
1718 2885 1900 2957 Tum
1961 2886 2234 2959 Reidar
2299 2888 2626 2982 legatus:

616 2988 841 3058 credo
890 2983 1349 3058 Birkibeinos
1400 2985 1662 3057 nullam
1714 2988 1806 3058 de
1860 2988 2169 3059 adventu
2219 2998 2471 3078 nostro
2520 2988 2629 3060 fa«

614 3109 793 3159 mam
848 3090 1262 3209 accepisse,
1336 3108 1799 3182 magnamque
1867 3071 2329 3160 multitudinis
2393 3087 2624 3160 collu-

614 3191 799 3260 viem
853 3193 924 3261 in
975 3188 1236 3282 oppido
1286 3191 1597 3275 versari,
1660 3207 2052 3283 omnesque
2106 3188 2372 3260 milites
2421 3210 2628 3259 mero

614 3294 907 3362 saucios
959 3309 1149 3360 esse.
1249 3290 1543 3382 Magnae
1598 3292 1668 3358 in
1720 3288 2020 3360 consilio
2090 3289 2439 3381 capiendo
2500 3311 2621 3360 ce·
2678 3316 2687 3322 ·

611 3387 913 3461 leritatis
966 3398 1103 3473 cst,
1154 3391 1336 3460 istos
1363 3378 1766 3473 invadere,
1819 3388 2009 3482 quod
2063 3388 2435 3459 consilium
2488 3409 2626 3458 rex

612 3481 959 3574 Sverrer,
1026 3491 1091 3557 si
1142 3488 1213 3556 in
1263 3497 1511 3559 nostra
1563 3510 1780 3560 causa
1833 3498 2074 3573 esset,
2142 3487 2330 3559 haud
2404 3487 2626 3558 dubie

613 3586 906 3658 daturus
969 3596 1191 3657 esset.
1291 3586 1501 3658 Nunc
1568 3591 1781 3680 igitur
1847 3610 2050 3681 quam
2116 3586 2459 3658 altissimo
2528 3590 2625 3658 si-

612 3684 833 3758 lentio
888 3685 1217 3780 pontibus
1251 3684 1815 3780 adremigemus3
1869 3689 2178 3781 praedam
2218 3707 2387 3806 prae·
2407 3690 2623 3757 mani-

609 3785 750 3858 bus
815 3806 986 3859 0550
1053 3790 1248 3872 scio,
1315 3786 1720 3881 Philippum
1790 3788 2197 3879 dynastam,
2272 3790 2390 3882 qui
2459 3809 2623 3858 cum

559 3941 570 3948 -
610 3908 859 3982 paucis
900 3886 1076 3957 Akri
1118 3891 1439 3982 quiescit.
1520 3886 1735 3959 Multi
1768 3889 2335 3979 responderunt:
2388 3895 2623 3958 macte

610 3975 952 4074 consili03
1021 3985 1207 4058 hunc
1272 4009 1622 4082 nunquam
1687 4009 1730 4057 e
1782 3986 2100 4059 manibus
2154 3985 2339 4057 elabi
2395 3989 2620 4080 patie-

608 4106 784 4157 mur.
881 4087 1074 4158 Dein
1124 4090 1428 4182 quinque
1481 4087 1777 4158 celoces
1830 4106 1921 4156 eo
1974 4089 2440 4178 remigarunt,
2494 4107 2619 4157 ce·
2714 4111 2727 4124 ·

607 4195 763 4257 tera
810 4207 1058 4258 manus
1108 4187 1443 4280 pontibus
1495 4187 1818 4271 advecta,
1868 4185 2329 4258 auscultavit:
2399 4185 2619 4262 altum
