2950 4709
376 343 449 409 Ο.
484 339 750 409 176-77.
823 345 1191 394 msa-onia
1246 342 1471 392 uncus
1529 342 1967 392 svennnms.
2222 313 2401 402 305

371 531 576 604 velut
608 530 921 624 operarii
973 530 1064 601 ad
1113 530 1478 622 perticam,
1528 547 1672 597 non
1725 526 2166 598 distendatis.
2247 526 2395 598 Eo-

367 631 528 704 rum
584 629 977 702 dissimiles
1031 633 1233 715 estis,
1289 631 1380 700 de
1434 628 1693 722 quibus
1743 638 2038 698 veteres
2073 626 2394 700 historiae

350 741 689 817 narrant,
742 734 863 825 qui
915 730 1168 801 hostes
1220 752 1398 802 suos
1452 727 1855 799 obsidendo
1911 726 2161 798 delere
2206 737 2396 799 tanta

370 833 761 926 pertinacia
814 831 1265 916 studuerunt,
1319 839 1396 901 ut
1426 833 1879 913 vestimenta,
1933 827 2190 921 quibus
2222 830 2396 899 tecti

375 942 597 1019 erant,
649 932 1027 1024 putredine
1081 938 1732 1024 corrumperentur,
1785 930 1924 1020 ipsi
1976 937 2153 999 v'ero
2191 948 2395 998 scor-

375 1037 519 1103 teis
602 1031 998 1123 gladiorum
1068 1034 1362 1123 vaginis.
1417 1041 1490 1102 et
1558 1031 1756 1099 corio
1825 1030 2185 1120 superiori
2252 1025 2396 1097 cal-

373 1154 669 1202 ceorum
719 1140 1235 1215 vescerentur,
1307 1150 1543 1223 neque
1614 1138 1849 1199 tamen
1902 1149 2205 1221 unquam
2257 1130 2398 1197 nisi

375 1241 734 1324 reportata
785 1234 1083 1302 victoria
1131 1231 1586 1302 desisterent.
1671 1228 1854 1319 Quae
1891 1227 2224 1321 exempla
2258 1231 2398 1299 etsi

372 1333 818 1417 adduxerim,
870 1341 1108 1402 tamen
1158 1334 1456 1423 propius
1500 1330 1774 1400 arcessi
1805 1339 2132 1420 possunt,
2182 1351 2398 1422 quum

371 1433 512 1524 ipsi
577 1429 792 1521 Bagli
857 1434 1195 1522 majorem
1266 1432 1727 1500 constantiam
1799 1437 1874 1498 et
1942 1431 2397 1520 pertinaciam

378 1529 807 1614 exhibeant,
859 1533 979 1623 qui
1030 1548 1204 1599 sese
1260 1529 1534 1598 dedere
1587 1527 1828 1597 nolint.
1929 1523 2176 1598 Nolite
2228 1527 2397 1599 mibi

378 1631 638 1701 diutius
692 1629 954 1699 talibus
1007 1627 1470 1721 obstrepere3
1527 1630 1786 1698 etenim
1820 1624 2181 1712 hocloco,
2234 1630 2397 1699 sive

375 1729 583 1802 vobis
635 1748 973 1822 pronum,
1024 1730 1180 1799 sive
1233 1726 1528 1799 arduum
1581 1727 1941 1811 videatur,
1994 1727 2397 1812 sedendum

378 1830 589 1901 nobis
641 1832 800 1915 erit,
854 1849 1082 1923 usque
1138 1848 1229 1898 eo
1285 1828 1520 1899 donec
1553 1825 1830 1919 Bag-los
1867 1828 1936 1896 in
1969 1836 2399 1919 potestatem

378 1941 694 2000 nostram
747 1929 1264 2022 redegerimus.
1368 1926 1603 2018 Quum
1650 1931 1792 2019 jam
1834 1926 2064 1998 hiems
2099 1947 2398 2021 proces·

379 2033 643 2115 sisset,
718 2039 792 2099 et
849 2032 1083 2100 victus
1134 2031 1203 2098 in
1254 2050 1433 2121 rupe
1487 2029 1858 2119 angustior
1910 2048 2084 2099 esse
2137 2031 2398 2121 coepis-

375 2140 516 2217 set,
566 2128 924 2202 intellexit
951 2129 1244 2214 Reidar,
1295 2132 1452 2200 suis
1503 2129 1711 2200 brevi
1765 2138 2232 2204 commeatum
2269 2128 2397 2199 de-

374 2225 708 2314 futurum,
761 2232 827 2299 si
876 2232 1164 2299 nuntius
1215 2229 1304 2299 ad
1356 2228 1631 2319 lngium
1685 2237 1758 2297 et
1797 2226 2182 2317 sigurdum
2229 2230 2395 2299 mis-

378 2348 511 2398 sus
561 2326 736 2396 nihil
783 2326 1051 2397 'auxilii
1121 2327 1430 2397 afferret.
1576 2325 1728 2396 Sed
1786 2324 1976 2396 nulla
2044 2347 2396 2419 responsa

379 2436 840 2519 acceperant,
890 2435 1361 2519 praeterquam
1416 2448 1577 2519 quae
1607 2423 2003 2496 Birkibeini
2056 2429 2167 2496 eis
2218 2449 2397 2520 quo-

377 2529 551 2597 tidie
607 2525 1043 2612 referebant,
1093 2524 1365 2622 lngium
1412 2546 1663 2617 regem
1702 2546 1949 2597 eorum
1979 2527 2399 2619 propediem

378 2647 634 2718 magna
685 2649 842 2698 cum
895 2631 1111 2696 manu*
1166 2626 1257 2696 ad
1320 2647 1453 2697 eos
1507 2625 1922 2698 liberandos
1974 2625 2398 2698 adfuturum.

380 2726 567 2817 Quae
619 2725 989 2798 cavillandi
1044 2729 1303 2817 gratia,
1371 2728 1557 2797 sicut
1610 2747 1870 2800 revera
1921 2736 2155 2814 erant,
2210 2727 2399 2798 dicta

379 2845 552 2898 esse
604 2824 817 2918 Bagli
870 2826 1388 2897 existimabant.

661 2927 787 2998 Dc
836 2926 1167 2998 consiliis
1219 2924 1534 3022 Siyurdi
1584 2925 1920 3023 dynastoe
1962 2927 2121 3021 filii.

582 3025 752 3096 177.
852 3025 1196 3096 Postbaec
1230 3026 1503 3097 Reidar
1554 3027 1799 3098 literas
1852 3027 1943 3096 ad
1994 3026 2266 3118 Ingium
2323 3040 2397 3102 et

381 3123 773 3217 Sigurdum
825 3124 1389 3196 conscribendas
1442 3129 1736 3211 curavit,
1788 3128 1860 3195 in
1914 3127 2169 3218 quibus
2218 3133 2396 3199 scri·

370 3234 564 3318 ptum
622 3234 796 3311 erat,
848 3245 1024 3296 sese
1075 3225 1167 3294 ad
1197 3224 1459 3298 festum
1489 3224 1792 3311 Nicolai,
1846 3229 2163 3319 quamvis
2205 3250 2396 3298 sum·

378 3347 493 3396 ma
543 3328 778 3398 victus
833 3324 1285 3411 difficultate,
1354 3329 1428 3397 in
1488 3347 1669 3418 rupe
1734 3328 2096 3396 sustinere
2148 3349 2398 3421 posse,

377 3423 658 3494 blandis
708 3425 1010 3518 adjectis
1052 3425 1410 3517 precibuS,
1462 3435 1542 3497 ut
1573 3425 1710 3497 sibi
1746 3423 2014 3496 auxilio
2053 3430 2398 3499 venirent.

378 3522 663 3593 Interea
716 3546 883 3595 acre
955 3525 1360 3616 gelicidium
1424 3527 1810 3611 inciderat,
1879 3527 2224 3622 sinusque
2276 3550 2397 3600 se-

377 3624 685 3694 cundum
751 3645 1004 3718 rupem
1072 3624 1305 3718 glacie
1375 3625 1664 3697 coierat.
1783 3624 2021 3697 Nocte
2072 3631 2395 3721 proxime

380 3726 790 3817 insequenti
833 3722 1107 3795 Reidar
1158 3729 1470 3798 nuntium
1524 3749 1685 3798 cum
1737 3725 1850 3796 his
1904 3725 2134 3799 literis
2185 3750 2229 3798 a
2278 3748 2398 3798 se·

381 3822 858 3917 ptemtrionali
911 3827 1111 3917 rupis
1159 3835 1363 3918 parte
1416 3829 1673 3913 emisit,
1726 3828 1841 3921 qui
1874 3823 2157 3898 duobus
2197 3847 2399 3899 asse-

380 3922 585 3995 ribus
639 3927 987 3996 cursoriis
1038 3928 1405 4013 insistenS,
1458 3928 1726 3999 fossam
1758 3925 2151 3998 secundum
2178 3930 2403 4021 ipsam

378 4042 577 4094 oram
627 4027 1040 4098 maritimam
1089 4027 1604 4124 praeterlapsus
1657 4038 1806 4116 est,
1879 4047 1966 4096 ac
2007 4028 2151 4119 jam
2201 4029 2403 4123 prius

460 4149 578 4204 vot
616 4148 673 4205 8.
1917 4124 1990 4195 U
