2950 4709
593 302 773 392 Μ
891 387 896 390 ,
1033 326 1397 378 nimau
1453 323 1680 375 nucis
1733 323 2173 376 nunnus.
2257 317 2627 407 044349,

596 509 876 606 Regios
951 513 1400 597 invaserunt,
1481 519 1563 584 ut
1625 505 2038 604 complures
2116 530 2365 581 eorum
2382 562 2409 598 ,
2486 512 2623 604 qui

599 621 803 686 erant
861 614 933 682 in
1001 616 1224 706 prima
1285 615 1486 698 acie,
1556 609 1921 703 extemplo
1970 609 2335 681 caderent.
2436 609 2619 682 Ein-

599 713 875 785 dridius
920 709 1150 806 Ljoxa
1213 733 1474 784 nomen
1542 721 1698 782 crat
1762 713 1956 796 viro,
2024 712 2147 804 qui
2211 708 2619 802 Bag-lorum

595 811 942 886 vexillum
992 816 1399 906 praetorium
1462 810 1776 899 ferebat3
1842 813 1910 882 is
1974 831 2018 881 e
2079 806 2617 882 'shrandheimo

597 922 755 986 crat
805 913 1171 999 oriundus,
1222 923 1657 1005 ceterosque
1708 908 2037 982 homines
2073 911 2280 980 animi
2330 911 2613 983 fortitn-
2742 946 2759 954 ·

598 1012 764 1086 dinc
832 1021 909 1084 et
973 1012 1270 1086 audacia
1331 1011 1737 1108 praestahat.
1833 1010 1973 1081 Hic
2032 1009 2370 1082 vexillum
2420 1021 2611 1082 stre·

594 1133 740 1186 ue
790 1112 1175 1197 inscrebat,
1243 1124 1322 1185 nt
1394 1113 1681 1184 obvium
1731 1110 2032 1182 haberet
2082 1108 2611 1203 Bergsveinem

593 1208 961 1305 Longum,
1025 1215 1229 1305 regis
1295 1210 1680 1284 Svcrreris
1742 1211 2200 1304 signiferum:
2283 1209 2358 1281 hi
2420 1211 2611 1282 adeo

595 1332 827 1406 prope
888 1314 1077 1384 inter
1144 1333 1233 1384 se
1283 1319 1795 1398 accesserunt,
1855 1319 1936 1383 ut
1985 1315 2173 1383 ictus
2223 1321 2611 1383 commuta-

596 1421 782 1499 rent,
832 1434 926 1484 eo
976 1414 1260 1486 tandem
1312 1416 1545 1498 exitu,
1608 1420 1688 1484 nt
1733 1410 2142 1503 Bergsvein
2192 1410 2610 1483 vulnerare-

595 1521 734 1599 tur,
783 1512 1194 1586 Eindridins
1240 1514 1562 1599 caderet,
1611 1515 1889 1605 signnm
1917 1510 2309 1604 Baglorum
2358 1533 2609 1583 corrn-

597 1622 780 1700 eret,
830 1635 974 1708 quo
1023 1616 1194 1687 viso·
1234 1612 1447 1708 Bngli
1498 1614 1737 1707 fugam
1789 1615 2349 1708 capessivernnt.
2398 1611 2613 1703 Quos

597 1717 994 1787 consectati
1056 1713 1453 1786 Birkiheini
1524 1715 1616 1785 a'd
1689 1734 1915 1784 naves
1977 1711 2424 1806 pepulerunt.
2528 1710 2611 1781 ln

545 1810 739 1906 ‚hoc
803 1824 1111 1909 utroque
1177 1818 1444 1910 impetu
1512 1813 1710 1886 multi
1778 1833 1874 1884 ex
1922 1811 2178 1905 Baglis
2244 1814 2609 1898 cecidere,

595 1911 878 2005 plurimi
927 1924 1161 1986 nmen
1214 1915 1307 1986 de
1362 1919 1703 1986 evocatis,
1751 1911 1967 1984 :Rex
2000 1912 2338 2000 Sverrer‚
2387 1934 2611 2008 peco-

594 2010 795 2084 ribus
877 2014 971 2085 ad
1037 2034 1278 2087 arcem
1345 2014 1777 2108 compuIsiS‚
1856 2013 2027 2085 Deo
2091 2034 2225 2107 pro
2307 2015 2611 2086 victoria

598 2113 869 2204 gratius
938 2116 1106 2204 egit.
1207 2112 1336 2184 Sic
1405 2123 1805 2186 commeatu
1885 2112 2075 2184 bene
2126 2117 2468 2208 proviso,
2531 2122 2617 2183 ut

599 2210 868 2286 cibaria
916 2234 1060 2284 nou
1107 2212 1516 2303 defuerunt,
1564 2218 1664 2287 ita
1692 2235 1951 2306 magna
1984 2217 2407 2286 strenuitate
2435 2212 2611 2286 fue-

598 2320 758 2386 rant
803 2325 1225 2409 comparata.

941 2439 946 2444 ·
1086 2415 1212 2488 Dc
1259 2411 1452 2488 dolis
1499 2412 2116 2487 Bhkibcinorum.

804 2513 976 2588 149.
1051 2514 1286 2610 Bagli‚
1329 2518 1518 2590 arcis
1571 2517 1957 2614 oppidique
2011 2516 2611 2610 oppugnationem

601 2620 941 2708 op‘miene
1010 2616 1483 2695 difficiliorem
1535 2619 1858 2709 experti,
1923 2614 2013 2685 ab
2080 2619 2192 2686 eis
2260 2614 2615 2685 adeundis

599 2714 1033 2788 abstinuere.
1115 2715 1338 2811 Saepe
1385 2718 1667 2803 accidit,
1716 2727 1796 2788 ut
1826 2713 2063 2808 Bagli,
2113 2716 2615 2811 quinquaginta

491 2852 514 2858 —
596 2825 719 2887 aut
799 2819 1177 2907 sexaginta
1258 2837 1557 2887 numero
1622 2819 1696 2886 in
1764 2826 2027 2887 terram
2099 2819 2310 2887 animi
2392 2834 2616 2885 causa

595 2913 786 2986 sorte
854 2918 1184 3006 egressi,
1249 2919 1666 3009 conspectis
1735 2915 1989 2987 decem
2040 2926 2163 2988 aut
2213 2913 2612 3010 quindecim

597 3011 1058 3102 Birkibeinis‚
1109 3019 1324 3088 inter-
1349 3017 1547 3111 quos'
1586 3018 1744 3110 ipse
1795 3037 1931 3087 rex
1984 3025 2211 3102 esset,
2262 3020 2334 3086 in
2382 3034 2631 3085 naves-

599 3115 1040 3210 rci'ugerent.
1141 3114 1503 3190 Interdum
1568 3119 1853 3203 evcnit,
1918 3126 1998 3189 ut
2060 3138 2105 3188 a
2170 3115 2612 3188 Birkiheinis

598 3221 1027 3311 necopinato
1076 3221 1409 3312 oppressi
1441 3217 1627 3290 male
1679 3216 2189 3303 mnlcarentur‚
2237 3221 2610 3309 navesque

596 3317 903 3408 inglorie
966 3327 1181 3412 atque
1250 3321 1554 3409 turpiter
1600 3317 1772 3409 fuga
1821 3317 2272 3389 tumultuaria
2319 3325 2611 3410 repete-

595 3426 777 3487 rent.
891 3416 1130 3488 Nocte
1199 3418 1462 3489 festum
1530 3416 1882 3487 Johannis
1944 3419 2407 3510 praecedente
2474 3436 2614 3485 rex

599 3513 918 3586 Sverrer
964 3537 1121 3586 cum
1157 3524 1437 3598 centum
1478 3518 1724 3608 viginti
1774 3515 2109 3589 militibus
2158 3519 2233 3586 in
2276 3515 2615 3611 oppidum

603 3613 997 3684 descendit.
1086 3614 1193 3686 'Hi
1262 3614 1585 3708 paenulas
1652 3619 2156 3689 canonicorum
2227 3640 2272 3689 e
2324 3614 2614 3709 templis

603 3721 875 3786 sumta's
924 3715 1182 3802 induti,
1234 3716 1427 3811 quini
1479 3726 1600 3786 ant
1651 3718 1834 3801 seni,
1885 3725 2009 3787 aut
2062 3721 2267 3802 etiam
2321 3719 2614 3810 paucio·

600 3834 759 3900 ηε,
833 3816 979 3886 viter
1044 3816 1406 3903 fecerunt,
1478 3836 1715 3910 eoque
1767 3825 1975 3908 pacto
2029 3838 2283 3888 omnes
2333 3838 2472 3888 una
2521 3816 2615 3886 ad

601 3917 1105 3986 monasterium
1156 3926 1682 4010 pervenerunt3
1745 3916 1913 3987 inde
1976 3919 2048 3986 in
2097 3917 2433 3990 horreum
2482 3915 2615 3987 nli-

602 4013 794 4104 quod
843 4021 1066 4108 'quam
1135 4015 1622 4087 occultissime
1682 4035 1771 4085 se
1851 4014 2339 4102 contulerunt,
2416 4015 2615 4109 quod

604 4123 740 4182 rex
798 4114 1304 4209 exspectabat,
1373 4117 1789 4209 episcopum
1837 4113 2211 4187 Nicolaum
2285 4125 2613 4186 ceteros-
