2950 4709
570 363 748 452 210
839 420 844 428 .
996 387 1365 437 mercum
1419 385 1647 435 uncus
1700 384 2140 434 smum-nus.
2225 379 2300 446 c,
2331 378 2595 448 12425,

577 593 710 645 cus
761 578 1052 644 sanctus
1102 574 1171 641 in
1200 569 1512 658 lslandia
1546 569 1848 658 obierat3
1903 569 2299 664 eademqne
2332 580 2590 644 aestate

574 670 849 744 Paulus
898 670 1112 743 Jonis
1163 668 1492 765 Loptidae
1542 669 1729 741 filins
1779 671 1865 740 ab
1917 669 2225 742 Islandia
2275 671 2592 762 advenit,

578 782 652 843 et
677 772 1017 843 Nidarosi
1046 776 1118 842 in
1145 771 1518 864 Norvegia
1569 770 1939 844 hiemabat.
2041 770 2178 841 Hic
2206 792 2385 842 vere
2419 794 2589 865 pro-

576 875 767 943 xime
819 874 1222 965 insequenti
1273 892 1408 963 per
1455 871 1977 942 mediterranea
2013 874 2368 942 orientem
2419 892 2589 942 ver-

575 994 702 1045 sus
733 975 802 1042 in
826 971 1078 1041 Vikam
1114 971 1519 1065 prosectuS,
1569 991 1816 1064 regem
1849 969 2275 1041 Sverrerem
2309 968 2592 1056 Osloae,

574 1073 698 1144 nbi
750 1070 1057 1141 hiemem
1109 1080 1580 1162 transegerat,
1633 1074 1984 1141 convenit.
2084 1068 2261 1140 Inde
2312 1069 2633 1141 Paulus*

575 1176 649 1244 in
697 1172 1001 1242 Daniam
1052 1169 1418 1263 profectus
1478 1170 1564 1258 ah
1617 1169 2163 1263 archiepiscopo
2214 1170 2590 1241 Absalone

578 1275 964 1366 episcopus
1014 1273 1469 1360 inauguratus
1523 1278 1676 1354 est,
1745 1270 2165 1364 eademque·
2210 1280 2462 1341 aestate
2515 1273 2589 1339 in

573 1371 1013 1462 Norvcgiam
1067 1378 1141 1439 et
1193 1373 1770 1461 septemtrionem
1808 1391 2071 1441 versus
2096 1368 2383 1462 Bergas
2420 1391 2589 1464 per-

573 1473 786 1544 venit.
923 1469 1201 1540 Eodem
1263 1489 1441 1540 vere
1506 1490 1640 1540 rex
1692 1468 2008 1540 Sverrcr
2058 1469 2351 1541 boream
2418 1490 2586 1540 ver-

575 1593 704 1644 sus
754 1568 1042 1662 Bergas
1094 1569 1467 1662 profectus
1520 1578 1653 1639 est.
1768 1568 1903 1639 Hic
1953 1579 2355 1640 conventus
2405 1570 2588 1639 indi-

578 1682 737 1743 ctus
790 1681 982 1756 crat,
1049 1679 1129 1740 nt
1198 1690 1448 1740 omnes
1505 1670 1859 1761 episcopi,
1926 1670 2044 1763 qui
2096 1673 2169 1738 in
2216 1668 2593 1760 Norvegia

578 1779 849 1856 essent,
903 1770 1000 1840 ibi
1049 1770 1415 1854 adessent,
1472 1778 1553 1839 ut
1601 1791 1759 1839 cum
1813 1788 1991 1859 rege
2046 1768 2342 1839 consilia
2392 1789 2588 1839 com-

574 1874 1031 1942 municarent:
1132 1867 1313 1938 Nam
1365 1867 1954 1961 archiepiscopus
1998 1868 2289 1939 Eirikus
2339 1868 2589 1939 literas

575 1991 748 2042 suas
799 1970 1382 2060 septemtrionem
1411 1988 1698 2038 ,versus
1750 1972 1819 2038 in
1871 1966 2305 2061 Norvegiam
2373 1972 2588 2039 mise-

574 2079 707 2153 rat,
761 2068 1017 2163 quihus
1071 2088 1320 2137 omnes
1374 2070 1761 2159 episcopos
1812 2068 1903 2138 ad
1955 2088 2043 2137 se
2075 2089 2117 2138 e
2147 2088 2376 2160 regno
2409 2072 2588 2141 evo-

577 2177 884 2241 caverat.
998 2165 1203 2237 Tunc
1286 2186 1537 2236 omnes
1605 2163 1927 2260 episcopi
1998 2165 2285 2260 Bergas
2367 2188 2589 2240 vene·

575 2272 771 2356 runt3
839 2269 1035 2338 venit
1071 2276 1163 2336 —et
1214 2266 1470 2336 eodem
1503 2265 1777 2337 Paulus
1814 2270 2217 2360 episcopus.
2305 2269 2589 2339 AEstate

578 2368 1019 2464 praecedenti
1071 2387 1206 2436 rex
1258 2363 1574 2440 Sverrer
1625 2370 1871 2460 copias
1922 2368 2369 2439 occidentem
2420 2389 2590 2441 ver-

575 2490 705 2541 sus
757 2471 830 2539 in
881 2465 1212 2538 Orcades
1265 2468 1582 2552 mittere,
1659 2465 2325 2561 orcadensiumque
2375 2467 2589 2562 perfi-

580 2570 761 2641 diam
813 2566 1066 2639 ulcisci
1121 2568 1566 2637 decreverat.
1670 2565 1892 2658 Cujus
1947 2569 2053 2636 rei
2105 2566 2288 2637 fama
2337 2570 2409 2636 in
2444 2565 2586 2637 Or-

579 2668 804 2740 cades
856 2666 1150 2760 perlata,
1202 2664 1559 2740 Haraldus
1612 2666 1914 2758 dynasta
1952 2675 2026 2736 et
2051 2664 2386 2759 Bjarnius
2436 2670 2591 2761 epi-

577 2788 846 2859 scopus
900 2765 1200 2836 consilio
1256 2768 1366 2834 eis
1415 2775 1978 2858 prospexerunt3
2049 2768 2347 2859 dynasta
2402 2771 2591 2840 enim

530 2937 537 2944 ,
578 2889 734 2939 cum
769 2864 1058 2957 Bjarnio
1114 2866 1457 2956 episcopo
1510 2864 1975 2959 omnibusque
2008 2864 2368 2937 Orcadum
2410 2871 2591 2961 opti-

576 2966 877 3039 matibus
927 2966 1068 3034 iter
1117 2963 1204 3034 ab
1237 2964 1612 3058 occidente
1647 2969 1936 3057 paravit,
1994 2977 2066 3036 et
2100 2965 2241 3038 hoc
2279 2967 2590 3037 concilio

580 3065 969 3162 episcopali
1055 3064 1349 3135 durante
1433 3066 1503 3134 in
1569 3064 2011 3158 Norvegiam
2086 3076 2590 3159 pervenerunt.

577 3168 713 3239 Hic
763 3167 1125 3261 principes
1175 3173 1576 3237 conventus
1608 3168 1796 3236 inter
1817 3186 1930 3235 -se
1984 3166 2428 3261 consiliaque
2463 3166 2589 3238 ha-

575 3268 919 3353 huerunt,
972 3267 1524 3359 decretumque,
1588 3275 1667 3336 ut
1715 3264 1935 3357 legati
1986 3266 2075 3336 ad
2125 3288 2376 3361 papam
2428 3290 2588 3339 cum

581 3368 852 3453 literis,
925 3365 1169 3456 sigillo
1222 3367 1422 3456 regis
1472 3363 1851 3436 Sverreris
1902 3369 2352 3461 omniumque
2402 3388 2588 3461 prae·
2667 3401 2676 3406 ·

579 3471 887 3539 sentium
940 3467 1440 3558 cpiscoporum
1495 3473 1659 3534 ante
1702 3465 2045 3535 dictorum
2080 3470 2385 3553 munitis,
2436 3470 2589 3538 mit·
2689 3541 2700 3550 „

578 3575 920 3639 terentur.
1021 3562 1136 3632 Ad
1188 3561 1372 3631 hanc
1405 3561 1852 3681 legationem
1878 3564 2207 3637 delectus
2243 3576 2360 3638 est
2392 3565 2588 3638 Tho-

580 3688 704 3738 rer
755 3666 1140 3757 episcopus
1196 3671 1269 3734 et
1317 3660 1724 3733 Richardus
1785 3666 1995 3755 niger
2058 3664 2589 3758 (Dominicano-

581 3767 764 3859 rum)
811 3765 1172 3854 magister,
1225 3764 1345 3856 qui
1396 3760 1555 3833 haec
1594 3763 1917 3836 mandata
1949 3765 2038 3836 ad
2073 3787 2322 3860 papam
2353 3766 2589 3838 Caele-

582 3869 841 3939 stinum
893 3860 1355 3957 pertulerunt.

584 3965 709 4039 De
757 3964 1261 4036 transactione
1325 3964 1525 4033 inter
1572 3960 1991 4036 Hae-aldum
2058 3964 2448 4063 dynastam
2516 3979 2591 4040 et

1220 4083 1468 4158 regem
1519 4059 1739 4134 Sverv
1741 4067 1968 4136 erem.

794 4158 959 4232 125.
1056 4158 1244 4233 Post
1304 4162 1464 4234 haec
1530 4183 1664 4232 rex
1718 4161 2030 4234 Sverrer
2098 4173 2171 4235 et
2236 4167 2591 4241 Haraldus
