2950 4709
323 369 398 441 Β.
425 363 684 440 135-36
760 337 1141 426 'marona
1187 370 1412 423 neers
1466 368 1904 423 mnnnms
2156 339 2342 437 225·

322 560 546 634 multo
610 569 846 632 tamen
906 556 1160 679 plnres
1223 575 1317 628 ex
1375 554 1668 649 Baglis,
1735 555 1870 628 hac
1934 573 2115 629 vero
2168 531 2329 631 vice

323 662 651 798 plerique
705 661 1060 754 principes
1114 679 1357 729 eorum
1412 665 1816 728 evaserunt.
2226 694 2232 698 -

677 759 802 831 De
851 778 1026 854 φερε
1078 754 1439 828 Svmre
1488 766 1562 828 ct
1608 753 1975 827 militibus

528 858 697 930 136.
769 858 904 928 His
954 857 1303 928 confectis
1354 857 1579 928 rebus
1632 874 1764 926 rex
1815 854 2130 927 Sverrer
2163 852 2332 927 ιιιιίι

323 975 582 1031 versas
634 956 879 1051 copias
930 960 1003 1027 in
1032 957 1582 1028 Martostokkos
1632 955 1800 1026 tuba
1848 958 2135 1027 evocari
2179 958 2333 1047 jus*
2403 979 2412 985 ·

324 1062 444 1143 sit,
498 1078 734 1151 eoque
802 1056 966 1127 loeo
1035 1056 1222 1149 apud
1287 1055 1552 1126 milites
1622 1058 2082 1126 concionatus
2146 1055 2337 1140 hune

324 1155 398 1227 in
451 1157 729 1228 modum
783 1155 1006 1228 verba
1059 1156 1261 1227 fecit:
1315 1155 1527 1227 Deus
1580 1164 1779 1247 grata
1821 1166 2057 1228 mente
2089 1154 2335 1226 colen⁴

327 1257 464 1329 dus
519 1266 664 1343 est,
728 1256 918 1351 quod
972 1255 1300 1327 Christus
1366 1277 1508 1324 non
1545 1258 1789 1326 minus
1840 1271 2060 1341 nunc,
2131 1273 2339 1349 quam

325 1367 572 1442 antea,
638 1378 776 1428 nos
843 1359 914 1425 in
978 1355 1407 1448 reportanda
1457 1358 1755 1426 victoria
1808 1359 2147 1446 praesenti
2199 1372 2336 1425 suo

324 1451 595 1526 auxilio
648 1457 951 1547 adJuvit3
1029 1465 1243 1547 atque
1296 1456 1550 1545 opinor
1598 1452 2009 1537 Nicolaum,
2059 1453 2337 1546 vulpios

328 1576 516 1639 nem,
569 1576 711 1624 non
763 1557 920 1623 sine
972 1553 1206 1648 aliqua
1258 1553 1502 1629 cordis
1548 1552 2005 1645 palpitatione
2036 1552 2338 1622 salutem

326 1653 501 1744 fuga
572 1656 944 1747 quaesisse.
1060 1651 1311 1722 Palam
1378 1650 1588 1723 vobis
1656 1651 1875 1737 facio,
1958 1671 2073 1721 me
2143 1650 2339 1722 velle

327 1752 637 1823 classem
690 1752 778 1822 ad
833 1751 1284 1843 Hofudeyam
1337 1749 1589 1836 evehi,
1657 1768 1750 1821 ne
1804 1772 2010 1844 quam
2064 1749 2342 1821 cladem

328 1852 418 1923 ab
473 1855 650 1944 ipsis
701 1860 821 1922 aut
868 1849 1394 1921 incursionibus
1448 1867 1697 1921 eorum
1750 1853 2216 1943 accipiamuS,
2276 1854 2344 1922 sl

331 1954 453 2047 qui
504 1951 690 2022 sorte
747 1960 993 2036 erunt,
1062 1953 1180 2044 qui
1248 1952 1519 2021 reverti
1568 1950 1659 2020 ad
1713 1950 2045 2044 oppidum
2097 1949 2342 2038 velint,

330 2049 623 2122 nostros
674 2049 1147 2144 langvescere
1200 2053 1270 2119 in
1323 2050 1587 2143 oppido
1641 2069 1923 2120 mersos
1971 2053 2134 2120 vino
2190 2054 2342 2142 opi-

333 2154 492 2221 nnti.
591 2149 838 2245 ltaque
905 2152 996 2221 ad
1064 2169 1289 2222 naves
1356 2152 1640 2220 reversi
1708 2148 2007 2235 milites,
2082 2147 2345 2220 faciunt

333 2272 496 2343 quae
548 2257 683 2319 rex
732 2260 1199 2343 praeceperat,
1252 2251 1437 2319 omni
1495 2266 1586 2318 ex
1629 2249 1916 2342 oppido,
1968 2257 2343 2342 antequam

335 2347 839 2434 discederent,
921 2351 1222 2441 pecunia
1300 2345 1619 2433 sublata,
1703 2346 1896 2441 quod
1963 2347 2202 2418 coloni
2271 2358 2346 2420 et

268 2475 281 2544 j
335 2456 781 2517 mercatores
827 2469 1017 2518 arma
1069 2448 1423 2518 adversus
1474 2466 1723 2537 regem
1778 2444 2102 2517 tulerant.
2194 2446 2342 2517 Na-

337 2568 472 2620 ves
523 2546 809 2638 longas,
872 2556 1217 2639 quotquot
1266 2546 1595 2630 aderant,
1661 2554 1905 2638 captas
1955 2545 2341 2639 plerasque
2444 2603 2449 2607 .

330 2646 824 2733 incenderunt,
874 2644 1484 2738 Bokaskreppam,
1539 2665 1742 2737 quam
1786 2648 2170 2741 episcopus
2213 2645 2340 2717 Ni·

338 2746 590 2817 eolaus
660 2746 998 2831 duxerat,
1086 2754 1160 2816 et
1240 2742 1727 2832 Gorsudam1‚
1814 2767 2017 2840 quam
2087 2745 2341 2819 Hidius

336 2844 505 2915 olim
553 2845 940 2916 faciendam
996 2854 1296 2930 curarat,
1348 2842 1818 2916 abduxerunt.
1906 2845 2163 2916 Hidius
2193 2844 2341 2917 Bo-

336 2940 807 3039 kaskreppam
859 2949 1170 3037 accepit,
1223 2944 1561 3031 Vidsiam,
1614 2967 1818 3038 quam
1869 2956 2078 3021 antea
2121 2944 2340 3017 habu-

338 3056 514 3131 erat,
564 3047 911 3130 incendit,
966 3045 1193 3116 clavis
1245 3044 1575 3137 velisque
1630 3047 1961 3130 servatiS,
2014 3066 2173 3116 cum
2226 3068 2342 3117 ru-

339 3145 597 3215 dentes
649 3143 1063 3214 colonorum
1121 3152 1385 3214 essent.
1487 3141 1768 3214 Interea
1821 3162 1992 3229 rex,
2052 3143 2141 3213 ad
2195 3143 2342 3214 Ho-

335 3242 673 3336 fudeynm
698 3246 1132 3329 consistens,
1182 3243 1493 3334 praedam
1529 3245 1599 3311 in
1635 3265 1975 3336 campum,
2028 3245 2097 3312 in
2134 3246 2343 3313 meri·

339 3342 546 3414 diana
594 3342 850 3414 insulae
886 3352 1085 3435 parte
1115 3345 1348 3427 situm,
1404 3346 1790 3434 exportari,
1844 3346 2012 3413 etin
2048 3352 2349 3437 quatuor

335 3451 580 3534 partes
649 3443 864 3513 dividi
924 3445 1155 3534 jussit.
1270 3438 1436 3530 Quo
1505 3440 1694 3512 facto
1763 3445 2109 3513 concione
2177 3442 2347 3514 tuba

337 3541 706 3625 advocata,
760 3545 1147 3612 orationem
1201 3540 1288 3610 ad
1345 3562 1524 3611 suos
1577 3540 1834 3612 habuit.
1933 3540 2110 3612 Tum
2164 3542 2345 3613 mili·-

336 3649 454 3710 tes
520 3642 861 3732 perticam
931 3640 1216 3725 subire,
1301 3642 1599 3733 inirique
1680 3660 2044 3711 numerum
2104 3646 2345 3735 jussit,

337 3760 516 3833 quas
569 3736 871 3809 haberet
920 3741 1280 3834 copiarum
1352 3739 1731 3831 reliquias,
1799 3762 1957 3833 quae
2012 3740 2349 3835 [quatuor

336 3837 557 3910 millia
606 3840 1060 3930 octingentos
1113 3835 1523 3908 excedere2
1560 3848 1870 3931 repertae
1905 3852 2088 3910 sunt.
2161 3839 2344 3911 Tum

340 3959 628 4030 quoque
696 3937 984 4009 advenit
1045 3936 1394 4008 sacerdos
1464 3937 1758 4030 aliquis,
1844 3938 1933 4009 ab
2000 3941 2343 4032 episcopo

408 4066 464 4132 ²)
503 4067 813 4138 Gnlnndam,
854 4060 937 4122 B}
992 4067 1045 4136 ²)
1082 4068 1257 4124 decem
1297 4080 1347 4122 et
1380 4080 1499 4121 octo
1538 4066 1700 4143 millia
1738 4064 1962 4207 efficit->Q
2006 4066 2070 4160 G,

372 4187 381 4194 ·
408 4161 529 4226 Vol·
567 4165 623 4221 8.
