2950 4709
602 307 778 394 218
1029 331 1391 379 nis-roma
1446 329 1672 378 numus
1727 327 2164 378 svnnnnms.
2271 402 2278 408 .
2367 321 2442 385 c,
2475 320 2633 386 132,

610 512 939 587 Consilia
989 515 1193 610 regis
1244 510 1672 596 meris,
1740 508 2174 607 boreamque
2222 531 2489 584 versus
2536 514 2630 584 in

1101 612 1705 685 Tlcrandloeeimum
1739 610 2131 706 profhetia.

811 710 979 784 132.
1078 712 1393 784 Postero
1454 734 1661 783 mane
1739 734 1870 790 rex
1960 714 2308 783 concione
2379 709 2626 781 hahita

494 889 501 904 ,
604 831 899 884 suorum
933 816 1325 884 sententias
1358 815 1766 906 exquisivit,
1783 803 1957 904 ‘quid
1992 812 2409 904 capiendum
2445 832 2623 881 con-

606 911 750 984 Silii
820 924 1038 985 esset.
1179 912 1583 1006 Respondit
1649 911 1992 983 Nicolaus
2058 911 2619 982 Vestnesensis:

606 1010 987 1086 molestum
1036 1012 1245 1084 nobis
1302 1033 1478 1083 esse
1528 1013 1847 1097 videtur,
1884 1011 2323 1082 cibariorum
2381 1012 2623 1102 inopia

606 1108 1019 1182 laborantes
1083 1111 1225 1182 hoc
1292 1112 1458 1183 loco
1528 1114 1820 1198 morari3
1901 1132 2130 1204 quare
2199 1120 2320 1180 aut
2383 1112 2621 1181 statim

607 1211 908 1302 aggredi
979 1210 1259 1282 hostem
1332 1220 1407 1282 et
1472 1233 1747 1282 manum
1820 1230 2213 1283 conserere
2266 1208 2623 1295 volumuS,

605 1319 728 1384 aut
795 1309 1218 1396 discedere,
1289 1330 1563 1403 eoque,
1631 1309 1754 1382 uhi
1820 1311 2248 1388 cibariorum
2313 1308 2639 1401 facultas,

609 1411 779 1495 erit,
844 1425 980 1482 nos
1031 1421 1482 1482 convertere.
1602 1409 1733 1483 Cui
1785 1432 1956 1481 rex:
2021 1414 2165 1502 jam
2215 1409 2622 1494 multorum,

606 1508 948 1597 Nicolae,
1008 1510 1442 1583 voluntatem
1500 1510 1899 1605 eloqueris,
1971 1519 2045 1580 et
2091 1513 2284 1594 scio,
2354 1508 2622 1579 milites

610 1620 956 1682 evocatos
1010 1612 1292 1683 domum
1343 1610 1694 1682 redeundi
1764 1610 2064 1704 cupidos
2136 1629 2343 1695 esse3
2426 1607 2623 1702 quod

609 1712 674 1778 si
724 1708 797 1779 hi
848 1732 1112 1781 moram
1167 1733 1367 1804 aegre
1405 1710 1659 1796 ferant,
1713 1708 1878 1793 illis,
1935 1710 2054 1801 qui
2104 1708 2244 1778 hoc
2298 1707 2462 1779 loco
2513 1711 2622 1803 in-

609 1817 718 1878 tra
767 1807 1024 1881 fretum
1078 1811 1373 1895 haerent,
1426 1810 1647 1881 multo
1699 1808 2076 1880 molestior
2127 1811 2297 1895 crit3
2353 1810 2503 1901 qui,
2555 1810 2625 1877 si

608 1908 871 1979 tamdiu
920 1931 1300 1995 moremur,
1355 1909 1772 1980 dilabentur.
1867 1906 2020 1977 Sed
2052 1907 2624 2000 quandoquidem

612 2007 992 2082 discedere
1043 2008 1284 2095 vultiS,
1335 2013 1609 2079 veniam
1651 2008 1855 2078 dabo.
1956 2006 2202 2099 ltaque
2237 2028 2367 2077 rex
2400 2009 2627 2076 averti

607 2126 837 2177 naves
878 2109 1129 2198 Jussit,
1200 2109 1392 2200 quod
1465 2118 1539 2178 et
1590 2108 1847 2178 sactum
1905 2115 2035 2177 est.
2148 2106 2433 2177 Accidit
2482 2104 2628 2176 hoc

612 2206 730 2275 die
785 2206 1148 2277 dominica.
1240 2206 1407 2277 Rex
1461 2207 1710 2279 funera
1763 2228 2053 2279 suorum
2107 2207 2197 2276 ad
2250 2207 2478 2276 aedem
2532 2206 2626 2275 ad

611 2304 868 2378 fretum
897 2304 1334 2399 Salteyense
1365 2310 1568 2377 sitam
1615 2306 2052 2399 deportanda
2093 2309 2380 2377 curavit.
2447 2303 2625 2395 Qui-

611 2403 754 2476 bus
801 2405 1150 2478 consectis
1201 2416 1415 2477 totam
1467 2407 1776 2479 classem
1827 2409 2424 2498 septemtrionem·
2463 2426 2625 2475 ver·

614 2525 748 2576 sus
803 2506 1039 2591 duxit,
1114 2507 1436 2578 secundo
1505 2517 1723 2583 vento
1773 2504 2059 2596 Bergas
2127 2525 2357 2597 usque
2426 2524 2629 2574 usus,

613 2602 792 2675 Tum
827 2606 1154 2677 omnihus
1188 2610 1534 2692 evocatis,
1559 2610 1771 2678 venia
1803 2605 2221 2675 discedendi
2249 2625 2629 2690 concessa,

613 2702 905 2774 boream
962 2725 1224 2775 versus
1276 2708 1662 2792 contendit,
1717 2715 1791 2775 et
1845 2704 2145 2773 hiemem
2200 2706 2268 2771 in
2302 2701 2627 2773 Thrand-

615 2799 852 2872 heimo
904 2805 1268 2893 transegit.
1369 2802 1582 2895 Bagli
1629 2825 1810 2875 vero
1840 2806 2423 2895 septemtrionem
2461 2824 2625 2873 ver-

613 2921 747 2971 sus
794 2904 866 2970 in
913 2901 1167 2971 Vikam
1220 2904 1777 2987 contenderunt,
1842 2902 2268 2995 indictisque
2307 2901 2630 2972 ‘comitiis

615 2997 1147 3092 Bergensibus,
1215 3000 1486 3093 logium
1556 3005 1754 3095 regis
1807 3003 2058 3094 Magni
2108 3000 2326 3072 filium
2376 3022 2631 3093 regem

617 3110 975 3188 crearunt,
1027 3103 1166 3196 quo
1218 3101 1407 3172 facto
1462 3112 1676 3175 totam
1702 3102 1954 3172 Vikam
2009 3110 2082 3171 et
2116 3099 2442 3193 Uplanda
2494 3100 2632 3171 sibi

620 3201 1107 3293 subjecerunt,
1134 3201 1665 3297 praefectosque
1689 3202 2014 3276 omnibus
2034 3202 2418 3292 provinciis
2447 3221 2631 3291 prae-

617 3300 964 3372 fecerunt.
1108 3300 1516 3393 Episcopus
1593 3300 1941 3372 Nicolaus
2021 3309 2291 3392 partem
2375 3297 2631 3369 hiemis

619 3399 872 3469 Osloae
935 3403 1007 3468 in
1060 3400 1353 3469 dioecesi
1406 3420 1576 3485 sua,
1645 3410 1913 3492 partem
1982 3399 2072 3468 ad
2138 3400 2506 3468 meridiem
2560 3401 2648 3467 in.

618 3497 849 3567 Dania
901 3499 1324 3582 consumsit3
1401 3507 1545 3568 tum
1596 3498 1756 3569 lvar
1805 3496 2173 3589 Skjalgius
2245 3501 2632 3589 episcopus

624 3598 920 3687 emporii
968 3594 1430 3666 Hamarensis
1481 3601 1934 3689 inauguratus
1986 3606 2116 3667 est.
2217 3594 2437 3666 Tunc¹
2463 3593 2630 3666 Hal-

464 3687 489 3712 ’
621 3695 888 3768 vardus
930 3691 1414 3780 SastadensiS,
1465 3695 1778 3767 Kolhein
1841 3694 2240 3782 StrinevuS,
2290 3694 2634 3786 multique

624 3793 744 3866 alii
794 3815 880 3864 se
931 3793 1220 3864 factioni
1262 3785 1830 3867 adsociaverunt.
1910 3794 2179 3865 Eadem
2212 3794 2449 3864 hieme
2483 3795 2633 3883 epi-

625 3915 896 3986 scopus
941 3893 1287 3966 Nicolaus
1341 3904 1413 3965 et
1467 3894 1824 3987 Sigurdus
1877 3894 2197 3985 dynastae
2250 3892 2437 3964 filins
2489 3913 2633 3961 ma-

626 4014 828 4087 gnam
865 3996 1191 4089 pecuniae
1227 4015 1589 4081 summam,
1621 4016 1779 4089 quae
1811 3995 2014 4085 regis
2045 3991 2424 4065 Sverreris
2457 3999 2636 4076 erat,
