2950 4709
628 365 810 462 m
1057 394 1428 444 nra-roma
1484 393 1706 441 anais
1764 394 2202 443 svnnnnms.
2291 387 2653 454 c,175.76,

632 591 908 654 centes.
1027 577 1279 671 Surgit
1355 575 1664 664 Reidar‚
1750 575 2013 650 milites
2074 598 2266 652 arma
2334 579 2654 666 induunt,

634 684 862 754 induti
941 680 1031 751 ad
1096 677 1683 773 septemtrionale
1753 677 2128 750 castellum
2180 681 2289 750 ire
2358 693 2653 752 eonten-

635 785 844 870 dunt3
927 784 1135 872 signa
1201 783 1272 852 in
1339 787 1647 873 utroque
1717 782 2071 865 exercitu,
2158 789 2298 852 tam
2368 784 2491 874 qui
2558 781 2654 851 de

627 887 811 977 jugo
866 878 1400 963 descendebat,
1452 900 1658 972 quam
1711 882 1833 973 qui
1884 899 1983 950 ex
2036 880 2301 972 oppido
2358 885 2657 967 exierat,

633 985 1117 1075 conspiciunt3
1180 983 1542 1073 ingentem
1595 980 1888 1052 andiunt
1937 978 2262 1052 tubarum
2314 984 2656 1069 sonitum3

635 1105 809 1160 mox
856 1081 1429 1155 Birkibeinorum
1486 1080 1670 1154 alios
1723 1079 2107 1170 fugienteS,
2156 1080 2347 1154 alios
2393 1082 2653 1152 caden-

636 1195 755 1256 tes
803 1190 1122 1256 cernunt.
1222 1178 1468 1273 ltaque
1523 1178 1734 1272 Bagli
1784 1179 2166 1252 Reidarem
2222 1180 2524 1267 hortari,
2576 1192 2657 1253 ut

641 1285 734 1355 de
786 1303 964 1375 rupe
1017 1280 1483 1364 descendant,
1536 1284 1690 1352 suis
1742 1300 1951 1373 opem
2002 1280 2259 1367 ferant,
2311 1303 2450 1354 neo
2490 1281 2654 1354 Bir-

639 1383 974 1455 kibeinos
1024 1379 1317 1473 regredi
1392 1400 1523 1473 per
1574 1379 1843 1454 fossam
1901 1383 2266 1474 patiantur.
2371 1380 2656 1473 Quibus

637 1482 946 1558 Reidar:
996 1484 1294 1577 primum
1348 1482 1826 1574 dispiciamust,
1879 1482 2240 1574 quomodo
2292 1486 2653 1574 negotium

638 1589 826 1659 iuter
873 1604 962 1656 se
1018 1591 1286 1675 gerant.
1384 1580 1467 1653 Si
1519 1579 1915 1652 Birkibeini
1965 1582 2056 1653 ad
2101 1581 2373 1654 fossam
2424 1604 2657 1677 usque

610 1686 895 1778 sugere
948 1691 1285 1778 pergant,
1355 1685 1427 1754 in
1497 1681 1676 1776 palis
1742 1682 2171 1775 superandis
2239 1682 2361 1754 diu
2424 1705 2656 1754 mora-

638 1785 941 1871 huntur,
1004 1793 1292 1876 tumque
1344 1785 1575 1853 nostri
1627 1795 1958 1876 quantum
2010 1782 2236 1854 velint
2285 1804 2657 1856 numerum

641 1908 893 1958 eorum
961 1882 1370 1956 interlicere
1437 1892 1790 1975 poterunt.
1892 1882 2069 1954 Haec
2121 1905 2404 1977 quoque
2456 1885 2655 1955 addi-

644 1988 781 2056 dit:
850 1987 1029 2054 miro
1099 1984 1312 2054 modo
1380 2004 1468 2054 se
1521 1983 1884 2074 fugientes
1935 1985 2053 2055 isti
2106 1994 2389 2075 gerunt,
2441 1994 2654 2077 atque

644 2087 973 2156 existimo
1024 2082 1165 2153 boc
1217 2082 1470 2154 ludicri
1542 2081 1832 2175 aliquod
1885 2105 2118 2174 genus
2173 2105 2384 2156 esse:
2456 2086 2654 2156 vide-

639 2189 828 2258 tisne
881 2203 1015 2255 eos
1081 2182 1283 2267 loca,
1348 2181 1468 2253 ubi
1521 2181 1809 2269 cadant,
1878 2186 2467 2277 circumspicere,
2534 2186 2655 2257 ubi

639 2283 878 2360 solum
925 2286 1196 2358 siccum
1250 2282 1508 2369 subsit,
1559 2293 1679 2356 aut
1714 2304 1940 2376 super
1972 2287 2284 2376 ipsorum
2315 2285 2654 2379 clypeos3

641 2385 977 2480 numquid
1030 2405 1221 2456 arma
1276 2406 1524 2455 eorum
1577 2391 1697 2455 aut
1750 2393 1997 2455 vestes
2049 2395 2411 2458 cruentata
2455 2386 2654 2458 vide·

641 2488 791 2558 tis?
891 2486 1244 2579 Equidem
1310 2494 1640 2556 neutrum
1693 2483 1943 2569 video,
2011 2507 2232 2579 quare
2286 2483 2475 2557 hunc
2527 2488 2654 2556 do-

641 2586 786 2660 lum
841 2607 1012 2660 esse
1066 2584 1447 2658 Sverreris
1499 2595 1805 2656 autumo.
1889 2582 2056 2654 Rex
2108 2583 2445 2672 Sverrer,
2495 2608 2655 2657 cum

643 2686 1124 2778 intelligeret,
1176 2706 1441 2757 cavere
1491 2683 1768 2776 Baglos
1818 2705 1911 2754 ne
1967 2685 2059 2755 de
2112 2706 2291 2778 rupe
2346 2686 2650 2760 descen-

643 2788 924 2870 derent,
973 2794 1194 2856 totum
1250 2788 1640 2855 exercitum
1695 2788 1766 2855 in
1820 2794 2053 2855 castra
2101 2786 2404 2857 reduxit.

1172 2880 1434 2956 Oratio
1480 2887 1685 2978 reqis
1737 2882 2140 2958 Svoereris.

852 2980 1018 3054 176.
1102 2980 1564 3055 Procedente
1608 2988 1748 3077 jam
1805 2985 2061 3072 bieme,
2111 3008 2268 3058 cum
2322 2984 2659 3079 gelicidia

645 3084 968 3156 incidere
1030 3105 1390 3186 aquaque,
1419 3106 1903 3157 concrescere
1968 3088 2347 3179 coepisset,
2420 3084 2661 3158 Birki-

645 3185 837 3258 beini
891 3187 1135 3284 maJori
1187 3195 1623 3257 commeatus
1665 3187 1955 3279 parandi
1989 3186 2399 3258 difficultate
2436 3191 2666 3280 premi

647 3296 1055 3378 coepernnt,
1108 3286 1531 3380 colonisque
1583 3288 1656 3356 in
1706 3286 2307 3358 subministrando
2362 3287 2663 3359 difficili-

647 3386 898 3458 oribus
949 3386 1343 3458 utebantur.
1410 3385 1572 3476 Qua
1625 3389 1858 3458 victus
1914 3387 2328 3459 difficultate
2382 3398 2457 3460 et
2505 3391 2664 3459 ino-

647 3490 787 3579 pia,
835 3495 1025 3556 tanta
1080 3488 1149 3556 in
1205 3490 1533 3557 exercitu
1573 3487 1959 3578 indignatio
2015 3490 2264 3572 extitit,
2315 3499 2394 3560 ut
2441 3487 2663 3581 pleri-

648 3605 791 3678 que
843 3583 1101 3656 milites
1156 3589 1434 3657 evocati
1507 3586 1789 3657 domum
1860 3589 2243 3659 discedere
2297 3597 2667 3683 cuperent.

645 3682 893 3778 ltaque
963 3705 1096 3755 rex
1165 3687 1514 3757 concione
1584 3687 1931 3761 advocata
1997 3687 2186 3760 bunc
2252 3692 2324 3761 in
2376 3690 2668 3761 modum

646 3785 871 3858 verba
921 3785 1129 3856 fecit:
1182 3786 1396 3858 audio
1450 3807 1545 3856 ex
1596 3787 1950 3875 militibus,
2001 3788 2185 3860 banc
2213 3792 2666 3862 temerariam

650 3887 881 3962 videri
945 3885 1480 3972 obsessionem,
1555 3887 1743 3959 domi
1814 3892 2250 3962 mansionem
2319 3889 2668 3984 praeferri,

647 3985 1076 4081 beatumque
1142 3987 1559 4079 praedicari,
1624 3993 1738 4059 cui
1809 3994 2016 4061 venia
2089 3991 2370 4061 domum
2428 3992 2666 4062 disce-

652 4086 868 4156 «leudi
933 4087 1388 4171 concedatur.
1510 4085 1661 4156 Sed
1749 4090 2037 4180 indigna
2122 4093 2295 4162 viris
2361 4090 2669 4164 fortibus

653 4188 879 4255 oratio
936 4194 1071 4269 est,
1122 4206 1368 4276 regem
1425 4207 1632 4279 suum
1686 4189 2099 4283 increpare,
2157 4193 2293 4264 etsi
2346 4200 2671 4278 ventres,
