2950 4709
351 395 426 462 c,
467 391 684 459 mea,
785 364 1152 446 nte-roma
1206 392 1432 443 antus
1488 390 1926 446 sumamus.
2195 369 2356 458 181

354 578 777 652 Gudbrandi
831 589 906 651 et
952 577 1184 653 Paulo
1223 579 1658 669 Vorskinno,
1709 580 1998 654 Ulviani
2054 583 2359 652 interce·

353 689 637 775 petunt,
690 702 1085 776 omnesque
1125 684 1511 776 'utriusque
1564 681 1838 755 celocis
1880 690 2360 776 propugnato-

354 801 481 853 res
533 780 620 851 ad
674 804 887 852 unum
928 782 1461 853 interfecerunt.
1544 781 1823 854 Classis
1846 782 2363 873 Kuflnngorum

356 884 657 975 sparsim
703 881 880 969 ibat3
961 882 1221 977 diuque
1274 882 1481 954 solus
1530 882 1676 953 Jon
1725 881 2129 974 Kuflungus
2180 900 2364 951 nave

358 1002 492 1052 sua
545 980 960 1068 oberrabat,
1030 992 1402 1076 antequam
1467 993 1733 1053 ceterae
1771 989 2009 1055 'naves
2060 981 2150 1051 ad
2203 1001 2366 1051 eum

359 1083 704 1151 venirent.
768 1082 1094 1153 Deinde
1120 1081 1460 1175 Kuflungi
1513 1105 1797 1155 cursum
1852 1085 2366 1166 continuarunt,

362 1180 598 1251 donec
647 1180 1143 1274 Tunsbergum
1197 1193 1696 1276 pervenerunt.
1812 1182 1992 1256 Tum
2043 1178 2368 1251 Blakkus

362 1280 501 1353 hos
556 1303 818 1354 versus
870 1287 1161 1356 cecinit.

563 1381 911 1461 Homines
962 1384 1452 1470 recordantur,
1503 1383 1783 1475 lingvas
1834 1383 2169 1477 quasdam

496 1470 501 1492 '
563 1487 1012 1575 perniciosas
1065 1505 1161 1554 ex
1217 1485 1521 1554 factione
1573 1484 2092 1575 Kuflungorum

565 1585 864 1654 nimiuma
897 1583 1241 1675 gloriatas
1287 1583 1554 1671 fuisse3
1607 1606 1769 1678 quae
1821 1589 1945 1678 res

569 1680 920 1754 alacribus
973 1686 1146 1755 viris
1199 1686 1542 1776 perniciei
1593 1682 1742 1755 suit.

565 1780 777 1855 Nunc
835 1805 1053 1877 rupes
1102 1781 1670 1875 Tnnsbergianae

568 1882 711 1954 alio
765 1884 1068 1979 quodam
1122 1885 1334 1954 modo
1389 1891 1768 1955 resonant.

567 2004 726 2054 nam
779 2006 1039 2056 corvus
1090 1985 1202 2058 ad
1232 1984 1519 2055 Rottum
1574 1993 1931 2055 saturatus
1985 1936 2126 2070 est,

570 2085 760 2156 unda
809 2088 1123 2158 sauciata
1180 2105 1483 2177 corpora
1535 2082 1937 2156 volventel.

714 2183 981 2257 Obitus
1031 2184 1413 2283 Eysteinis
1469 2183 2022 2279 archiepiscopi.

574 2284 744 2356 107.
843 2285 1099 2356 Hieme
1166 2289 1493 2379 proxime
1559 2288 1984 2380 insequente
2051 2302 2177 2352 res
2227 2301 2375 2351 me-

371 2384 758 2455 morabiles
824 2388 897 2455 in
944 2383 1470 2456 Thrandheimo
1522 2387 1955 2455 acciderunt.
2072 2380 2375 2452 Archie-

371 2485 712 2578 piscopus
739 2484 1039 2576 Eystein
1091 2477 1530 2578 praecedenti
1553 2488 1694 2577 jam
1731 2494 2057 2567 autumno
2086 2486 2157 2552 in
2191 2501 2377 2551 mor-

324 2583 970 2671 ·bum-inciderat,
1037 2607 1178 2679 quo
1232 2605 1364 2678 per
1416 2583 1754 2671 hiemem,
1823 2584 2055 2655 donec
2116 2580 2380 2652 festum

364 2685 657 2777 jolense
725 2687 1036 2771 exierat,
1106 2707 1308 2777 aeger
1360 2685 1735 2771 decubuit,
1814 2706 2114 2778 cumque
2182 2684 2381 2752 vires

377 2787 536 2877 ejus
586 2786 1024 2857 decrescere
1079 2790 1488 2880 coepissent,
1539 2786 1627 2856 ad
1665 2807 1914 2878 regem
1950 2783 2381 2857 Sverrerem

375 2888 585 2973 misit,
638 2896 717 2959 ut
765 2906 850 2958 se
887 2891 1339 2976 conveniret3
1392 2887 1582 2982 quod
1642 2895 1716 2957 et
1763 2886 1954 2958 fecit.
2054 2882 2237 2956 Tum
2276 2885 2381 2952 in·

374 2994 490 3057 ter
542 3008 629 3058 se
684 2988 776 3058 de
828 2987 1066 3060 multis
1119 2987 1374 3074 rebus,
1425 3009 1583 3082 quae
1639 2987 1805 3058 olim
1854 2990 2042 3057 inter
2094 3005 2227 3055 eos
2277 2985 2381 3053 in-

374 3094 888 3173 tercesserant,
944 3089 1479 3172 disseruerunt,
1530 3107 1924 3180 regemque
1978 3083 2383 3176 digredien-

374 3191 520 3258 tem
589 3186 1173 3279 archiepiscopus
1241 3189 1509 3270 oravit,
1583 3198 1662 3255 ut
1742 3185 1878 3255 sihi
1944 3187 2385 3274 ignosceret,

377 3286 714 3381 quicquid
767 3289 833 3356 ei
885 3285 1046 3380 plus
1087 3289 1284 3379 justo
1335 3285 1762 3356 adversatus
1812 3283 2094 3367 fuisset,
2146 3302 2384 3376 quam·

383 3388 504 3459 diu
554 3390 1071 3459 controversiae
1123 3388 1310 3457 inter
1336 3406 1588 3478 regem
1616 3385 1959 3477 Magnum
2012 3391 2088 3453 et
2135 3402 2386 3475 regem

384 3484 813 3557 Sverrerem
864 3497 1258 3560 tenuerant.
1374 3484 1557 3558 Tum
1608 3488 1890 3580 utrique
1941 3487 2130 3554 inter
2178 3503 2262 3555 se
2314 3484 2386 3552 in

459 3650 511 3718 ¹)
551 3651 901 3707 constructio:
951 3654 1044 3705 old
1077 3652 1317 3722 mana),
1355 3659 1416 3703 at
1442 3651 1499 3721 b)
1530 3652 1955 3718 sarad-effingat·
1974 3650 2033 3715 e)
2072 3648 2311 3700 haeldust
2328 3647 2390 3714 d)

387 3744 550 3798 heldr
566 3743 619 3810 e)
656 3759 718 3793 or
740 3743 924 3806 flokkn‘
944 3743 1263 3816 Kuflainga3
1299 3743 1484 3797 hvatir
1520 3744 1757 3796 skatnar
1793 3741 2044 3813 galdus)
2083 3738 2230 3810 hess.
2298 3738 2389 3790 Νιὶ

388 3827 501 3888 tend
547 3835 669 3887 Ιιόεσ
693 3836 761 3905 g)
799 3851 991 3886 annau
1038 3853 1148 3905 veg
1193 3838 1353 3905 fijdta
1399 3836 1424 3886 ί
1479 3835 1734 3903 bjo‘rgum
1789 3834 2002 3906 Bergae
2058 3833 2238 3901 lav-asu
2288 3848 2391 3883 var

387 3935 551 3982 meter
587 3909 842 3980 samm·
863 3928 956 3993 h),
993 3928 1051 3980 ια
1085 3928 1258 3980 reian-
1274 3926 1317 3992 ι’)
1354 3925 1556 3993 sjnkan
1594 3927 1717 3980 bak.

462 4027 519 4087 a)
554 4039 706 4083 mun,
748 4017 812 4074 G.
895 4019 952 4091 b)
986 4022 1116 4083 hoe,
1154 4022 1439 4093 quomodo,
1481 4020 1546 4072 Β.
1632 4019 1688 4091 ο)
1726 4021 1760 4074 i.
1783 4043 1827 4075 e.
1864 4020 2103 4075 homines
2140 4016 2393 4080 maledici,

390 4115 452 4180 α)
479 4114 763 4179 tautam,
797 4099 904 4178 ia,
945 4116 992 4166 e
1006 4135 1030 4180 ,-
1066 4114 1307 4177 ιιειαηει,
1346 4113 1414 4167 Β.
1490 4112 1546 4182 e)
1568 4111 1696 4176 titt,
1731 4114 1880 4179 mua,
1911 4111 1979 4180 e,
2007 4111 2071 4162 B.
2137 4109 2199 4179 s)
2219 4108 2395 4179 guta-

392 4213 475 4273 ut,
514 4206 596 4273 ὓς
630 4208 888 4280 goldast,
931 4208 995 4265 F.
1064 4209 1134 4281 g)
1162 4207 1335 4281 hrota,
1376 4204 1440 4260 G.
1518 4205 1582 4277 h)
1609 4203 1833 4269 Hrotta,
1860 4204 1924 4258 G.
1997 4203 2043 4272 i)
2066 4201 2236 4266 reim,
2278 4198 2338 4256 F.
