2950 4709
353 384 426 455 Β.
455 381 687 452 48-49
791 386 1158 439 ιιιετοιιιιι
1211 384 1435 437 neers
1490 353 1926 438 evemerus.
2245 357 2364 450 ᾖ
2420 388 2425 392 ·
2488 435 2493 440 ἱ

261 629 264 632 ,
349 579 619 643 exutus
686 580 763 642 et
840 592 884 643 a
949 567 1389 642 Birkibeinis
1457 565 1878 642 interfectus
1932 579 2079 644 est.
2194 568 2360 643 Rex

349 670 670 743 Svcrrer
747 673 1108 763 ingentem
1192 670 1389 741 illum
1467 657 1883 741 d‘romonem
1962 669 2360 765 multasque

348 770 530 842 alias
576 791 804 843 naves
855 773 1064 863 cepit.
1167 767 1602 855 Birkibeini,
1668 764 1970 841 navibus
2022 769 2363 842 celeriter

348 873 820 956 conscensis,
886 869 1242 961 fugientes
1309 871 1655 954 insecuti,
1722 869 1815 939 ad
1863 868 2360 962 Digurmulum

346 968 789 1042 Eindridinm
841 968 1050 1041 Kalvi
1100 968 1320 1040 filium
1373 990 1534 1039 cum
1585 970 1869 1060 triginta
1919 971 2111 1062 viris*
2144 992 2360 1063 cepe-

348 1078 536 1156 runt,
587 1091 773 1163 quos
822 1072 968 1141 vita
1022 1070 1491 1155 donaverunt,
1541 1067 1909 1142 Eindridio
1977 1071 2048 1138 in
2097 1078 2361 1141 terram

350 1168 706 1240 elabente.
779 1166 1103 1240 Alteram
1152 1171 1382 1241 navim
1432 1172 1614 1253 intra
1651 1166 2129 1261 Raudbjarga,
2182 1169 2362 1242 duas

349 1272 719 1341 onerarias
785 1268 877 1342 ad
933 1266 1228 1340 Stadum
1297 1279 1661 1362 ceperunt.
1758 1266 2106 1341 Nicolaus
2156 1266 2363 1341 Arnii

347 1367 536 1441 lilius
581 1390 745 1442 cum
796 1389 930 1441 sua
981 1367 1282 1441 cohorte
1348 1389 1483 1463 per
1533 1367 2005 1442 Gaularasum
2068 1379 2361 1441 conten-

350 1468 487 1555 dit,
570 1470 884 1565 indeque
971 1467 1294 1560 Steinem
1375 1467 1786 1562 profectuS,
1868 1468 1967 1538 ibi
2034 1466 2360 1541 celocem

346 1568 694 1662 quandam
742 1571 1029 1657 sumsit3
1077 1588 1332 1660 magna
1380 1588 1551 1660 pars
1580 1567 1894 1639 militum
1943 1568 2196 1662 Magni
2243 1590 2359 1640 re-

347 1670 465 1759 gis
541 1670 873 1740 terrestri
953 1619 1240 1739 itiner-eo
1291 1666 1696 1758 effugiebat.
1812 1667 2009 1749 Rex
2045 1669 2364 1759 Magnus

346 1788 509 1838 cnm
589 1767 889 1861 reliquis
972 1770 1203 1860 copiis
1284 1767 1650 1838 meridiem
1732 1788 1994 1839 versus
2076 1766 2363 1859 Bergae

347 1865 719 1959 profectus
785 1875 859 1939 et
925 1887 967 1938 a
1017 1864 1516 1959 Bergensibus
1567 1866 1971 1939 hberalitcr
2013 1877 2362 1961 exceptus

348 1973 486 2038 est.
582 1965 721 2039 Hic
768 1988 926 2038 cum
977 1976 1401 2038 conventum
1442 1965 1765 2052 haberet,
1819 1967 2149 2060 oppidani
2201 1989 2358 2039 ora-

345 2075 627 2152 verunt,
678 2076 758 2138 ut
800 2066 906 2136 ibi
933 2075 1510 2153 commoraretur,
1569 2067 1914 2153 dicentes,
1965 2088 2145 2138 vero
2189 2088 2360 2140 esse

343 2165 582 2237 simile
633 2165 1062 2239 Sverrercm
1114 2165 1320 2237 brevi
1372 2187 1463 2237 eo
1506 2167 2006 2252 adventurum,
2059 2170 2359 2261 regique

343 2263 620 2357 Magno
684 2286 975 2359 operam
1042 2287 1242 2337 suam
1305 2264 1395 2337 ad
1451 2266 1978 2338 defendendum
2029 2269 2362 2361 oppidum

345 2364 777 2438 obtulerunt.
908 2364 1104 2436 Dein
1186 2386 1322 2436 rex
1402 2366 1721 2458 Magnus
1807 2386 2059 2437 omnes
2134 2389 2361 2441 naves

343 2468 831 2552 mercatoriaS,
882 2487 1043 2560 quae
1094 2475 1296 2536 erant
1344 2468 1417 2534 in
1469 2465 1759 2558 oppido,
1809 2468 2028 2551 sumi,
2088 2486 2359 2560 easque

344 2564 434 2637 ab
486 2563 719 2637 insula
768 2585 1003 2659 usque
1055 2565 1145 2635 ad
1196 2561 1521 2660 pontem¹
1577 2562 2079 2636 monachorum
2133 2566 2358 2637 collo-

345 2666 494 2736 cari
534 2666 794 2756 jussit,
864 2685 1257 2758 omnesque
1324 2667 1513 2736 inter
1562 2685 1652 2736 se
1695 2667 1978 2756 junctas
2030 2666 2360 2759 pontibus

346 2784 443 2835 ex
509 2774 813 2858 utraque
879 2772 1083 2857 parte
1132 2763 1482 2857 alligavit,
1547 2776 1627 2837 ut
1687 2771 1821 2858 per
1869 2774 2359 2840 transversum

342 2865 576 2936 sinum
624 2862 930 2957 pedihus
976 2865 1067 2934 iri
1116 2875 1387 2958 posset.
1470 2865 1628 2937 Sed
1679 2875 1913 2937 motus
1940 2869 2358 2939 auctoritate

342 2963 948 3050 consiliariorum,
1001 2963 1420 3052 dicentium,
1486 2988 1629 3037 non
1680 2967 1865 3038 adeo
1919 2967 2359 3038 credendum

344 3083 521 3135 esse
569 3062 1103 3155 BergensihuS,
1166 3075 1246 3137 ut
1296 3085 1382 3136 se
1433 3088 1802 3162 navesque
1853 3087 2025 3138 suas
2076 3069 2151 3136 in
2198 3070 2360 3138 sinu

340 3162 782 3250 includeret,
861 3165 1031 3235 inde
1095 3165 1474 3252 discessit,
1559 3185 1917 3259 cursuque
1988 3165 2361 3236 meridiem

339 3283 606 3333 versus
670 3263 1067 3335 secundum
1132 3263 1341 3336 litora
1411 3266 1688 3336 directo
1766 3268 1838 3334 in
1900 3262 2198 3335 Daniam
2268 3264 2359 3335 ad

341 3382 608 3453 regem
661 3361 1191 3452 Valdamarum,
1260 3374 1637 3456 cognatum
1703 3385 1945 3451 suum,
2011 3367 2359 3457 pervenit,

340 3461 527 3555 apud
580 3484 791 3556 quem
840 3462 1267 3558 aliquantum
1319 3467 1665 3558 temporis
1710 3474 2184 3536 commoratus
2227 3475 2357 3538 est.

486 3560 613 3633 De
633 3616 636 3619 >
657 3584 841 3657 φερε
891 3561 1254 3636 Sumere
1303 3574 1378 3635 et
1424 3564 1739 3636 tumultu
1790 3564 2227 3637 colonorum.

539 3660 661 3732 49.
761 3662 1037 3735 Eadem
1105 3675 1359 3748 aestate
1429 3686 1567 3736 rex
1634 3663 1950 3736 Sverrer
2023 3685 2068 3735 a
2132 3663 2358 3741 borea
2454 3669 2461 3675 ’

338 3761 710 3832 meridiem
777 3777 1040 3836 versus
1107 3761 1517 3857 profectuS,
1603 3766 1927 3857 proximo
2008 3764 2127 3835 die
2192 3773 2356 3836 ante

338 3859 603 3932 festum
653 3859 859 3934 Petri
908 3860 1195 3955 Bergas
1235 3866 1614 3958 pervenit,
1683 3864 2011 3937 omnihus
2061 3863 2354 3957 oppida-

338 3961 453 4032 nis
503 3961 716 4033 vitam
765 3982 1156 4057 pacemque
1208 3965 1613 4050 concessit,
1665 3972 1742 4036 et
1787 3963 1876 4036 ab
1926 3967 2014 4037 iis
2064 3981 2158 4034 eo
2211 3980 2354 4056 quo
2390 4015 2395 4026 .

410 4087 466 4159 ⁸⁹
499 4106 700 4164 ‘⁰⁸⁰⁸’
741 4090 804 4147 Ε
1803 4161 1863 4233 F
1890 4161 1937 4233 2
