2950 4709
338 395 417 459 c.
446 390 551 456 58.
784 362 1151 441 maroam
1204 389 1430 440 antas
1485 388 1922 441 svennnms.
2188 377 2203 396 ·’
2240 361 2361 455 99

345 578 713 649 meridiem
764 598 1027 648 versus
1081 573 1552 668 Stavangrum
1605 576 1976 671 profectus
2029 588 2164 666 est,
2217 601 2360 674 quo

347 699 598 770 magna
627 699 794 770 pars
825 676 1276 771 ‘reliquiarum
1312 681 1676 747 exercitus
1714 680 2066 750 convenit.
2117 678 2358 770 Quan-

349 789 497 851 tum
549 776 942 861 constabat,
998 797 1336 849 numerus
1384 797 1655 860 eorum,
1710 780 1827 870 qui
1864 798 1959 847 cx
1988 782 2359 873 utriusque

353 881 674 950 exercitu
744 878 835 948 ad
896 876 1350 948 Nordnesum
1423 878 1872 962 ceciderant,
1940 900 2083 950 non
2133 883 2362 950 minor

348 982 695 1049 trecentis
749 980 1127 1068 sexaginta
1175 985 1512 1069 repertus
1545 985 1675 1047 est.
1754 977 2046 1049 Eirikus
2082 982 2362 1072 episco-

351 1101 490 1172 pus
560 1076 1137 1169 stavangriensis
1220 1096 1467 1167 regem
1546 1077 1887 1168 Magnum
1971 1076 2366 1151 liberaliter

357 1181 661 1270 excepit,
716 1198 1019 1270 eumque
1072 1185 1149 1249 ut
1197 1174 1484 1267 Bergas
1533 1186 2026 1249 reverteretur
2075 1200 2364 1271 magno·-

356 1297 537 1373 pere
603 1278 927 1348 hortatus
997 1285 1147 1361 est,
1237 1276 1486 1347 dicens
1551 1298 1730 1347 vcro
1802 1297 1972 1348 esse
2040 1278 2366 1367 similius}

356 1378 817 1449 Birkibeinos
888 1378 1115 1446 minus
1185 1396 1353 1446 esse
1421 1376 1512 1446 ad
1562 1378 2007 1468 pugnandum
2061 1389 2368 1471 paratos.

361 1477 529 1569 Quo
585 1475 886 1548 consilio
941 1497 982 1544 a
1037 1496 1215 1568 rege
1261 1474 1584 1567 probato,
1636 1475 1925 1547 Eirikus
1983 1480 2368 1570 episcopus

363 1588 536 1673 quot
585 1580 813 1671 potuit
862 1579 1109 1647 socios
1162 1574 1457 1645 navales
1492 1574 2066 1661 subministravit,
2117 1599 2371 1648 navem

362 1678 647 1771 longam
701 1680 856 1747 suis
912 1675 1324 1747 domesticis
1376 1676 1734 1760 instruxit,
1785 1678 2086 1769 ipseque
2121 1697 2372 1768 regem

362 1780 706 1870 Magnum
760 1779 1132 1847 comitatus
1188 1783 1318 1845 cst.
1416 1773 1587 1844 Rex
1635 1775 1983 1867 Magnus,
2051 1798 2372 1869 magnam

335 1888 718 1971 ‘praeterea
788 1875 1297 1946 multitudinem
1367 1895 1461 1944 ex
1514 1878 1718 1968 pagis
1771 1886 2056 1962 nactus,
2124 1881 2374 1970 paucis

364 1978 530 2048 inde
585 1975 913 2048 noctibus
966 1976 1389 2045 intermissis
1440 1974 1733 2045 boream
1787 1997 2049 2047 versus
2086 1973 2374 2070 Bergas

365 2077 737 2171 profectus
824 2084 974 2159 est,
1058 2078 1199 2144 iter
1283 2095 1487 2167 quam
1565 2078 1867 2145 maxime
1940 2076 2376 2150 accelerans.

366 2176 696 2269 Eyolvus
745 2172 948 2247 Afliil
1004 2173 1214 2260 filius,
1265 2178 1386 2267 qui
1440 2175 1697 2245 eodem
1748 2184 2072 2267 tempore
2119 2177 2376 2249 celocc

368 2286 625 2348 vectus
675 2273 1119 2370 speculatum
1174 2284 1615 2359 excurrerat,
1669 2295 1809 2345 non
1840 2278 2035 2368 prius
2076 2281 2378 2349 animum

371 2379 700 2461 advertit,
752 2398 960 2469 quam
1013 2374 1320 2445 classem
1375 2376 1575 2465 regis
1607 2373 1854 2464 Magni
1904 2374 2042 2443 sibi
2092 2378 2165 2445 in
2215 2382 2379 2469 ipso

373 2476 560 2550 freto
615 2476 893 2547 obviam
946 2476 1339 2568 conspexit.
1424 2472 1598 2543 Suis
1630 2476 1815 2544 inter
1846 2494 1933 2543 se
1964 2473 2381 2569 colloquen-

370 2577 599 2661 tibus,
650 2596 735 2647 se
785 2578 1133 2647 incautius
1186 2576 1624 2665 remigasse,
1698 2575 1980 2646 interim
2029 2573 2384 2667 EyolvuS,

374 2678 704 2771 dispecto
758 2675 1086 2759 consilio,
1143 2694 1322 2744 suos
1374 2675 1454 2743 in‘
1497 2673 1751 2744 fretum
1808 2678 2027 2746 remis
2078 2674 2386 2769 provehi

377 2779 608 2867 jussit,
650 2774 1077 2865 Heklungos
1108 2772 1558 2860 simulantes3
1610 2782 1812 2844 recto
1844 2796 2087 2861 cursu,
2143 2778 2385 2870 inquit,

373 2879 445 2946 in
498 2896 749 2946 navem
803 2876 1003 2964 regis
1053 2874 1306 2964 Magni
1357 2874 1753 2959 tendamuS,
1805 2878 2008 2967 quasi
2042 2878 2210 2948 novi
2260 2875 2386 2947 ali-

375 2976 544 3070 quid
614 2975 1068 3069 apportaturi.
1172 2970 1383 3062 Quos
1450 2972 1814 3064 Heklungi
1881 2985 2081 3046 recta
2147 2976 2237 3046 ad
2301 2996 2390 3046 se

375 3076 679 3147 tendere
733 3074 1163 3166 conspicati,
1216 3092 1395 3143 suos
1449 3093 1619 3144 esse
1668 3074 2167 3165 opinabantur,
2228 3078 2391 3166 regi

378 3173 645 3266 aliquid
716 3176 880 3244 novi
946 3179 1463 3265 apportaturos.
1564 3170 1709 3241 Ubi
1774 3193 1950 3242 vero
2015 3174 2392 3266 adpropin-

379 3281 702 3368 quarunt,
760 3283 834 3346 et
862 3271 1225 3362 Heklungi
1276 3291 1457 3343 suos
1510 3292 1655 3343 non
1708 3290 1879 3342 esse
1923 3280 2394 3364 agnoverunt,

377 3370 753 3448 navalibus
805 3375 1132 3443 tentoriis
1183 3374 1432 3464 raptim
1486 3371 1831 3456 detensiS‚
1882 3373 1955 3440 in
2009 3392 2142 3443 eos
2186 3375 2396 3442 remi-

381 3482 650 3563 garunt.
753 3469 1150 3542 Birkibeini
1204 3479 1440 3541 autem
1492 3492 1735 3544 remos
1785 3479 2079 3543 strenue
2148 3471 2396 3566 impel-

382 3572 618 3644 lentes
671 3571 997 3642 celocem
1050 3592 1145 3641 ex
1197 3568 1384 3651 freto
1439 3570 1806 3641 meridiem
1861 3575 2399 3666 versus'prori·

383 3680 707 3765 puerunt.
786 3670 997 3762 Quos
1046 3668 1406 3762 Heklungi
1457 3671 1868 3763 remigando
1921 3671 2399 3764 insequeban-

383 3779 523 3856 tur,
574 3773 758 3855 navi,
810 3792 950 3864 qua
1001 3767 1401 3841 vehebatur
1450 3769 1744 3840 Eirikus
1799 3773 2257 3863 episcopus,
2292 3770 2401 3842 fu·

385 3869 744 3962 gientibus
809 3873 1146 3964 proxima.
1249 3868 1405 3939 Hac
1468 3871 1669 3954 navi,
1739 3892 1897 3963 quae
1961 3867 2402 3940 Birkibeinis

384 3972 708 4063 proxima
761 3969 1101 4054 instabat,
1172 3968 1581 4062 complures
1639 3967 1887 4040 clerici
1938 3969 2210 4041 ordinis
2264 3971 2403 4040 viri

464 4096 512 4167 1)
550 4096 724 4169 nami,
767 4097 829 4153 F.
1542 4079 1545 4086 ’
1838 4165 1910 4241 G
1940 4165 1989 4236 2
