2950 4709
340 384 413 451 c,
449 386 552 452 91.
782 379 1147 437 msronu
1200 382 1424 438 umus
1480 372 1919 437 evannum&
2015 445 2026 462 ,
2186 355 2352 451 15⁶2

342 570 483 664 pha
531 582 825 661 vectuS,
878 595 1056 645 suos
1106 573 1559 660 hortabatur,
1632 582 1706 643 et
1758 562 2135 666 praecepit,
2204 593 2350 667 quo

342 696 538 770 suam
597 676 899 767 quisque
953 694 1201 744 navem
1258 674 1667 766 applicaret,
1772 671 1905 743 Cui
1975 676 2163 745 dicto
2226 694 2351 744 au·

344 777 625 846 dientes
689 773 1123 859 Birkibeini,
1194 774 1492 844 navibus
1564 773 1903 844 audacter
1964 776 2351 866 provectiS,

342 897 578 947 acrem
644 879 977 967 impetum
1044 873 1414 959 fecerunt,
1490 870 1577 942 ab
1651 872 1980 943 hostibus
2017 874 2352 961 ⁴invicem

342 997 486 1045 non
538 976 791 1045 minori
840 973 1134 1044 fervore
1187 969 1593 1067 impugnati,
1649 974 1810 1043 dum
1863 970 2070 1043 alteri
2124 975 2194 1042 in
2246 972 2349 1043 al-

342 1086 548 1146 teros
637 1095 843 1145 omne
929 1072 1237 1143 telorum
1307 1094 1541 1164 genus
1611 1076 2045 1165 ingererent.
2162 1071 2352 1159 Rex,

343 1194 593 1245 navem
648 1195 845 1244 suam
899 1183 1263 1267 repetenS,
1318 1175 1573 1265 sagitta
1627 1176 1697 1241 in
1750 1194 2030 1266 proram
2062 1171 2354 1265 scaphae

262 1307 265 1314 ·
345 1295 563 1368 supra
631 1283 842 1367 caput
927 1277 1084 1365 ejus
1153 1277 1518 1365 conjecta,
1607 1293 1918 1365 moxque
1990 1272 2213 1343 altera
2280 1276 2354 1343 in

346 1375 527 1446 latus
577 1374 865 1468 scaphae
918 1382 1083 1443 ante
1135 1374 1368 1466 pedes
1419 1376 1579 1466 ejus
1614 1373 2009 1459 accidente,
2063 1394 2145 1442 re
2186 1371 2355 1443 nihil

346 1485 738 1547 commotus
790 1473 1126 1557 sedebat,
1180 1476 1583 1566 comitique,
1635 1472 2090 1566 periculosus
2142 1475 2353 1560 ictuS,

348 1577 655 1661 domine,
711 1575 1010 1644 dicenti:
1063 1576 1361 1665 propius
1412 1574 1713 1657 accidet,
1767 1595 1923 1643 cum
1964 1572 2172 1643 Deus
2224 1593 2354 1644 vo·-

346 1677 470 1760 let,
536 1677 776 1767 inquit.
881 1671 1164 1743 Interim
1235 1692 1367 1742 rex
1435 1673 2003 1744 animadvertens
2071 1672 2218 1742 tela
2268 1694 2354 1744 ac

346 1771 624 1868 lapides
690 1778 760 1843 in
813 1771 1300 1843 Mariosudam
1377 1774 1564 1843 adeo
1645 1774 1882 1843 dense
1942 1774 2210 1864 ingeri,
2277 1780 2357 1843 ut

344 1897 600 1947 navem
652 1896 851 1945 suam
903 1873 1398 1944 conscendere
1431 1878 1781 1967 nequiret,
1834 1894 2116 1945 cursum
2149 1893 2355 1943 aver-

346 1980 429 2048 tit
501 1984 573 2045 et
639 1976 728 2044 ad
780 1985 1040 2045 terram
1094 1972 1377 2067 appulit.
1478 1971 1752 2045 Munan
1799 1995 2084 2068 quoque
2138 1969 2356 2045 Gauti

346 2077 535 2147 filius
589 2096 672 2145 ac
726 2078 863 2162 sui,
916 2077 1078 2145 navi
1130 2076 1217 2144 ad
1270 2083 1531 2145 terram
1586 2072 1955 2169 applicata,
2009 2093 2355 2145 excurre-

345 2187 531 2264 runt,
587 2177 660 2246 e't
708 2179 1020 2267 ingentia
1070 2196 1246 2247 saxa
1296 2178 1367 2245 in
1397 2170 1908 2261 Mariosudam,
1960 2196 2093 2268 per
2133 2183 2357 2246 totum

346 2274 894 2348 interscalmium
950 2279 1267 2345 anterius
1337 2284 1412 2346 et
1478 2294 1760 2368 proram
1810 2297 2075 2347 versus
2127 2291 2355 2369 usque

349 2378 441 2447 ad
493 2377 791 2446 sentinae
844 2372 1392 2445 interscalmium
1445 2375 1909 2467 ingerebant,
1977 2383 2057 2445 ut
2107 2395 2359 2445 omnes

348 2477 448 2546 ibi
501 2477 864 2545 constituti
933 2472 1117 2543 male
1188 2472 1684 2546 mulcarentur.
1786 2474 2040 2544 Prorae
2108 2473 2357 2543 desen-
2411 2562 2421 2569 .

351 2591 606 2661 sores,
679 2578 1204 2668 oppugnatione
1278 2573 1819 2667 Heklungorum
1888 2584 1961 2645 et
2027 2578 2359 2666 conjectu

350 2676 656 2752 telorum
712 2678 781 2744 in
831 2674 1072 2769 primis
1123 2674 1402 2761 afflicti,
1467 2677 1653 2745 inter
1706 2696 1792 2747 se
1847 2673 2358 2769 colloqueban-

348 2788 503 2863 tur,
575 2798 746 2863 eoS,
823 2779 944 2870 qui
1014 2778 1084 2844 in
1152 2778 1491 2847 anteriori
1557 2775 2038 2847 interscalmio
2111 2782 2362 2846 essent

352 2879 744 2968 constituti,
823 2899 1010 2948 nunc
1098 2887 1438 2971 oportere
1523 2880 1681 2970 regi
1761 2896 1892 2971 pro
1976 2873 2210 2946 mulso
2273 2895 2360 2946 ac

351 2977 749 3070 splendidis
799 2980 1055 3050 tunicis
1122 2980 1413 3069 gratiam
1467 2978 1768 3048 referre.
1870 2971 2050 3047 Tum
2104 2975 2360 3069 puppis

354 3077 821 3148 defensores·
857 3077 1094 3146 dextri
1162 3077 1408 3146 lateris
1478 3087 2049 3170 propugnatores
2120 3073 2360 3146 horta-

350 3176 626 3262 bantur,
679 3185 757 3247 ut
809 3195 1058 3246 navem
1111 3174 1654 3267 remislongius
1683 3174 2205 3267 proveherent3
2257 3172 2363 3243 illi

355 3278 543 3347 dicto
594 3276 972 3347 audientes
1024 3295 1274 3366 navem
1322 3277 1436 3344 ‘sic
1473 3274 1961 3367 propulerunt,
2016 3284 2091 3344 ut
2122 3271 2361 3365 Skeg·

354 3379 517 3467 gius
588 3378 972 3467 posteriori
1036 3377 1336 3446 sentinae
1406 3374 1886 3445 interscalmio
1958 3374 2365 3466 adjaceret,

356 3495 498 3566 quo
548 3473 740 3545 facto
795 3497 1047 3547 omnes
1098 3477 1365 3545 sinistri
1424 3474 1666 3546 lateris
1721 3484 1795 3546 et
1843 3478 2222 3548 anterioris
2257 3476 2364 3543 in-

353 3573 742 3643 terscalmii
795 3575 1225 3646 defensores
1278 3575 1546 3647 laboris
1598 3575 2050 3667 satagebant,
2111 3583 2365 3668 quatu-

356 3671 710 3743 ordeciml
768 3675 1066 3746 navibus
1120 3673 1324 3745 alteri
1375 3676 1819 3747 Mariosudae
1872 3675 2074 3746 lateri
2121 3672 2362 3745 adhae-

354 3772 695 3843 rentibus,
798 3773 1154 3866 Heklungi
1205 3777 1523 3865 sagittaS,
1577 3796 1775 3867 gaesa
1830 3785 1904 3847 et
1931 3773 2217 3869 ,silices
2268 3772 2361 3843 ab

357 3876 635 3943 oriente
691 3894 733 3944 e
787 3871 1012 3944 Skida
1065 3874 1435 3960 advectos,
1488 3895 1763 3947 summo
1789 3876 2367 3948 adversariorum

359 3973 783 4045 detrimento
852 3972 1306 4065 ingerebant,
1379 3976 1583 4044 etiam
1653 3974 2008 4067 gladiolos
2080 3982 2154 4044 et
2224 3972 2370 4066 pila

357 4072 869 4157 conjiciebant,
941 4094 1177 4166 neque
1244 4084 1478 4144 tamen
1546 4075 1639 4145 ita
1693 4072 2370 4169 adpropinquabant,

430 4202 478 4268 ι)
512 4206 775 4274 tredecim,
817 4204 880 4259 Β.
