<?xml version="1.0" encoding="UTF-8"?>
<!DOCTYPE html PUBLIC "-//W3C//DTD XHTML 1.0 Transitional//EN"
    "http://www.w3.org/TR/xhtml1/DTD/xhtml1-transitional.dtd">
<html xmlns="http://www.w3.org/1999/xhtml" xml:lang="en" lang="en">
 <head>
  <title>
</title>
<meta http-equiv="Content-Type" content="text/html;charset=utf-8" />
  <meta name='ocr-system' content='tesseract 3.04.00' />
  <meta name='ocr-capabilities' content='ocr_page ocr_carea ocr_par ocr_line ocrx_word'/>
</head>
<body>
  <div class='ocr_page' id='page_1' title='image "./scriptahistoric01unkngoog_0034.png"; bbox 0 0 2950 4709; ppageno 0'>
   <div class='ocr_carea' id='block_1_1' title="bbox 572 335 2678 428">
    <p class='ocr_par' dir='ltr' id='par_1_1' title="bbox 572 335 2678 428">
     <span class='ocr_line' id='line_1_1' title="bbox 572 335 2678 428; baseline 0.002 -20"><span class='ocrx_word' id='word_1_1' title='bbox 572 335 693 428; x_wconf 62' lang='lat' dir='ltr'><strong>m</strong></span> <span class='ocrx_word' id='word_1_2' title='bbox 1020 361 1384 412; x_wconf 71' lang='lat' dir='ltr'><strong>uls-roam</strong></span> <span class='ocrx_word' id='word_1_3' title='bbox 1440 359 1666 411; x_wconf 65' lang='lat' dir='ltr'><strong>nume</strong></span> <span class='ocrx_word' id='word_1_4' title='bbox 1722 359 2159 414; x_wconf 66' lang='lat' dir='ltr'><strong>svnnnssnts.</strong></span> <span class='ocrx_word' id='word_1_5' title='bbox 2285 419 2292 426; x_wconf 49' lang='grc'><strong><em>,</em></strong></span> <span class='ocrx_word' id='word_1_6' title='bbox 2357 355 2592 422; x_wconf 55' lang='lat'><strong>1211.</strong></span> <span class='ocrx_word' id='word_1_7' title='bbox 2670 357 2678 369; x_wconf 92' lang='grc'><em>“</em></span> 
     </span>
    </p>
   </div>
   <div class='ocr_carea' id='block_1_2' title="bbox 536 537 2688 3955">
    <p class='ocr_par' dir='ltr' id='par_1_2' title="bbox 536 537 2688 3955">
     <span class='ocr_line' id='line_1_2' title="bbox 556 537 2599 639; baseline -0.001 -21"><span class='ocrx_word' id='word_1_8' title='bbox 556 546 799 639; x_wconf 55' lang='lat' dir='ltr'><strong>&lt;sequi</strong></span> <span class='ocrx_word' id='word_1_9' title='bbox 859 564 947 616; x_wconf 85' lang='lat' dir='ltr'><strong>se</strong></span> <span class='ocrx_word' id='word_1_10' title='bbox 1013 537 1255 615; x_wconf 83' lang='lat' dir='ltr'><strong>vellet.</strong></span> <span class='ocrx_word' id='word_1_11' title='bbox 1358 540 1587 635; x_wconf 81' lang='lat' dir='ltr'><strong>Quam</strong></span> <span class='ocrx_word' id='word_1_12' title='bbox 1654 542 1745 614; x_wconf 86' lang='lat' dir='ltr'><strong>ob</strong></span> <span class='ocrx_word' id='word_1_13' title='bbox 1811 563 2001 631; x_wconf 89' lang='lat' dir='ltr'><strong>rem,</strong></span> <span class='ocrx_word' id='word_1_14' title='bbox 2068 560 2225 614; x_wconf 84' lang='lat' dir='ltr'><strong>eum</strong></span> <span class='ocrx_word' id='word_1_15' title='bbox 2290 542 2365 613; x_wconf 92' lang='lat' dir='ltr'><strong>in</strong></span> <span class='ocrx_word' id='word_1_16' title='bbox 2413 539 2599 616; x_wconf 86' lang='lat' dir='ltr'><strong>Vika</strong></span> 
     </span>
     <span class='ocr_line' id='line_1_3' title="bbox 589 642 2599 740; baseline -0.002 -22"><span class='ocrx_word' id='word_1_17' title='bbox 589 645 1115 740; x_wconf 81' lang='lat' dir='ltr'><strong>populationem</strong></span> <span class='ocrx_word' id='word_1_18' title='bbox 1167 642 1410 715; x_wconf 83' lang='lat' dir='ltr'><strong>faeere</strong></span> <span class='ocrx_word' id='word_1_19' title='bbox 1464 643 1711 730; x_wconf 90' lang='lat' dir='ltr'><strong>nollet,</strong></span> <span class='ocrx_word' id='word_1_20' title='bbox 1749 644 1897 715; x_wconf 66' lang='lat' dir='ltr'><strong>»sed</strong></span> <span class='ocrx_word' id='word_1_21' title='bbox 1950 647 2190 737; x_wconf 87' lang='lat' dir='ltr'><strong>potius</strong></span> <span class='ocrx_word' id='word_1_22' title='bbox 2220 644 2313 726; x_wconf 84' lang='lat' dir='ltr'><strong>de</strong></span> <span class='ocrx_word' id='word_1_23' title='bbox 2343 659 2599 733; x_wconf 84' lang='lat' dir='ltr'><strong>regno,</strong></span> 
     </span>
     <span class='ocr_line' id='line_1_4' title="bbox 591 741 2600 838; baseline -0.003 -20"><span class='ocrx_word' id='word_1_24' title='bbox 591 749 797 838; x_wconf 87' lang='lat' dir='ltr'><strong>eujus</strong></span> <span class='ocrx_word' id='word_1_25' title='bbox 849 744 1071 816; x_wconf 87' lang='lat' dir='ltr'><strong>heres</strong></span> <span class='ocrx_word' id='word_1_26' title='bbox 1111 747 1276 836; x_wconf 88' lang='lat' dir='ltr'><strong>jure</strong></span> <span class='ocrx_word' id='word_1_27' title='bbox 1328 743 1659 816; x_wconf 87' lang='lat' dir='ltr'><strong>natalium</strong></span> <span class='ocrx_word' id='word_1_28' title='bbox 1712 754 1888 830; x_wconf 87' lang='lat' dir='ltr'><strong>erat,</strong></span> <span class='ocrx_word' id='word_1_29' title='bbox 1946 744 2282 815; x_wconf 81' lang='lat' dir='ltr'><strong>dimicare</strong></span> <span class='ocrx_word' id='word_1_30' title='bbox 2335 741 2600 828; x_wconf 88' lang='lat' dir='ltr'><strong>mallet,</strong></span> 
     </span>
     <span class='ocr_line' id='line_1_5' title="bbox 591 839 2599 937; baseline -0.001 -21"><span class='ocrx_word' id='word_1_31' title='bbox 591 839 663 917; x_wconf 82' lang='lat' dir='ltr'><strong>in</strong></span> <span class='ocrx_word' id='word_1_32' title='bbox 714 845 1260 917; x_wconf 87' lang='lat' dir='ltr'><strong>Vermalaudum</strong></span> <span class='ocrx_word' id='word_1_33' title='bbox 1329 865 1682 917; x_wconf 82' lang='lat' dir='ltr'><strong>reversus</strong></span> <span class='ocrx_word' id='word_1_34' title='bbox 1734 854 1864 916; x_wconf 90' lang='lat' dir='ltr'><strong>est.</strong></span> <span class='ocrx_word' id='word_1_35' title='bbox 1964 843 2139 915; x_wconf 91' lang='lat' dir='ltr'><strong>Inde</strong></span> <span class='ocrx_word' id='word_1_36' title='bbox 2192 852 2599 937; x_wconf 87' lang='lat' dir='ltr'><strong>comparato</strong></span> 
     </span>
     <span class='ocr_line' id='line_1_6' title="bbox 591 944 2597 1039; baseline -0.002 -21"><span class='ocrx_word' id='word_1_37' title='bbox 591 951 846 1019; x_wconf 86' lang='lat' dir='ltr'><strong>itinere</strong></span> <span class='ocrx_word' id='word_1_38' title='bbox 899 949 968 1016; x_wconf 94' lang='lat' dir='ltr'><strong>in</strong></span> <span class='ocrx_word' id='word_1_39' title='bbox 1019 944 1359 1017; x_wconf 83' lang='lat' dir='ltr'><strong>boreales</strong></span> <span class='ocrx_word' id='word_1_40' title='bbox 1409 948 1617 1038; x_wconf 85' lang='lat' dir='ltr'><strong>regni</strong></span> <span class='ocrx_word' id='word_1_41' title='bbox 1665 954 1908 1039; x_wconf 86' lang='lat' dir='ltr'><strong>partes</strong></span> <span class='ocrx_word' id='word_1_42' title='bbox 1933 945 2289 1039; x_wconf 81' lang='lat' dir='ltr'><strong>proficisci</strong></span> <span class='ocrx_word' id='word_1_43' title='bbox 2317 946 2597 1031; x_wconf 81' lang='lat' dir='ltr'><strong>statuit3</strong></span> 
     </span>
     <span class='ocr_line' id='line_1_7' title="bbox 592 1045 2600 1141; baseline -0.002 -22"><span class='ocrx_word' id='word_1_44' title='bbox 592 1067 894 1141; x_wconf 81' lang='lat' dir='ltr'><strong>eumque</strong></span> <span class='ocrx_word' id='word_1_45' title='bbox 963 1046 1051 1118; x_wconf 90' lang='lat' dir='ltr'><strong>ad</strong></span> <span class='ocrx_word' id='word_1_46' title='bbox 1102 1045 1353 1118; x_wconf 90' lang='lat' dir='ltr'><strong>silvam</strong></span> <span class='ocrx_word' id='word_1_47' title='bbox 1404 1046 1793 1128; x_wconf 89' lang='lat' dir='ltr'><strong>Eidensem</strong></span> <span class='ocrx_word' id='word_1_48' title='bbox 1845 1048 2342 1137; x_wconf 88' lang='lat' dir='ltr'><strong>pervenisset,</strong></span> <span class='ocrx_word' id='word_1_49' title='bbox 2424 1047 2600 1119; x_wconf 88' lang='lat' dir='ltr'><strong>inito</strong></span> 
     </span>
     <span class='ocr_line' id='line_1_8' title="bbox 591 1145 2600 1240; baseline -0 -23"><span class='ocrx_word' id='word_1_50' title='bbox 591 1148 884 1218; x_wconf 89' lang='lat' dir='ltr'><strong>militum</strong></span> <span class='ocrx_word' id='word_1_51' title='bbox 936 1161 1275 1232; x_wconf 84' lang='lat' dir='ltr'><strong>numero,</strong></span> <span class='ocrx_word' id='word_1_52' title='bbox 1326 1145 1592 1219; x_wconf 87' lang='lat' dir='ltr'><strong>multos</strong></span> <span class='ocrx_word' id='word_1_53' title='bbox 1644 1147 1949 1239; x_wconf 86' lang='lat' dir='ltr'><strong>reperit,</strong></span> <span class='ocrx_word' id='word_1_54' title='bbox 2002 1150 2117 1240; x_wconf 86' lang='lat' dir='ltr'><strong>qui</strong></span> <span class='ocrx_word' id='word_1_55' title='bbox 2171 1168 2387 1240; x_wconf 90' lang='lat' dir='ltr'><strong>parva</strong></span> <span class='ocrx_word' id='word_1_56' title='bbox 2421 1165 2600 1225; x_wconf 78' lang='lat' dir='ltr'><strong>eum</strong></span> 
     </span>
     <span class='ocr_line' id='line_1_9' title="bbox 544 1245 2602 1341; baseline -0.002 -22"><span class='ocrx_word' id='word_1_57' title='bbox 544 1266 549 1269; x_wconf 80' lang='grc'><em>·</em></span> <span class='ocrx_word' id='word_1_58' title='bbox 591 1248 733 1319; x_wconf 85' lang='lat' dir='ltr'><strong>fide</strong></span> <span class='ocrx_word' id='word_1_59' title='bbox 789 1251 945 1339; x_wconf 88' lang='lat' dir='ltr'><strong>ejus</strong></span> <span class='ocrx_word' id='word_1_60' title='bbox 972 1245 1312 1341; x_wconf 83' lang='lat' dir='ltr'><strong>partibus</strong></span> <span class='ocrx_word' id='word_1_61' title='bbox 1362 1269 1447 1318; x_wconf 89' lang='lat' dir='ltr'><strong>se</strong></span> <span class='ocrx_word' id='word_1_62' title='bbox 1501 1248 2000 1339; x_wconf 83' lang='lat' dir='ltr'><strong>adjunxerant,</strong></span> <span class='ocrx_word' id='word_1_63' title='bbox 2054 1249 2472 1340; x_wconf 84' lang='lat' dir='ltr'><strong>potiusque,</strong></span> <span class='ocrx_word' id='word_1_64' title='bbox 2523 1254 2602 1315; x_wconf 90' lang='lat' dir='ltr'><strong>ut</strong></span> 
     </span>
     <span class='ocr_line' id='line_1_10' title="bbox 536 1347 2601 1442; baseline -0.001 -23"><span class='ocrx_word' id='word_1_65' title='bbox 536 1431 547 1438; x_wconf 13' lang='lat' dir='ltr'><strong>p</strong></span> <span class='ocrx_word' id='word_1_66' title='bbox 591 1351 881 1442; x_wconf 87' lang='lat' dir='ltr'><strong>rapinas</strong></span> <span class='ocrx_word' id='word_1_67' title='bbox 929 1368 1283 1419; x_wconf 84' lang='lat' dir='ltr'><strong>exercere</strong></span> <span class='ocrx_word' id='word_1_68' title='bbox 1337 1357 1659 1441; x_wconf 77' lang='lat' dir='ltr'><strong>possent,</strong></span> <span class='ocrx_word' id='word_1_69' title='bbox 1717 1369 1922 1440; x_wconf 88' lang='lat' dir='ltr'><strong>quam</strong></span> <span class='ocrx_word' id='word_1_70' title='bbox 1973 1347 2164 1440; x_wconf 86' lang='lat' dir='ltr'><strong>quod</strong></span> <span class='ocrx_word' id='word_1_71' title='bbox 2216 1367 2347 1440; x_wconf 88' lang='lat' dir='ltr'><strong>pro</strong></span> <span class='ocrx_word' id='word_1_72' title='bbox 2400 1347 2601 1437; x_wconf 80' lang='lat' dir='ltr'><strong>regis</strong></span> 
     </span>
     <span class='ocr_line' id='line_1_11' title="bbox 592 1444 2599 1538; baseline -0.003 -17"><span class='ocrx_word' id='word_1_73' title='bbox 592 1452 704 1521; x_wconf 89' lang='lat' dir='ltr'><strong>sui</strong></span> <span class='ocrx_word' id='word_1_74' title='bbox 752 1446 1030 1520; x_wconf 91' lang='lat' dir='ltr'><strong>honore</strong></span> <span class='ocrx_word' id='word_1_75' title='bbox 1084 1447 1415 1519; x_wconf 84' lang='lat' dir='ltr'><strong>dimicare</strong></span> <span class='ocrx_word' id='word_1_76' title='bbox 1468 1446 1755 1519; x_wconf 86' lang='lat' dir='ltr'><strong>vellent.</strong></span> <span class='ocrx_word' id='word_1_77' title='bbox 1861 1444 2046 1538; x_wconf 82' lang='lat' dir='ltr'><strong>Quae</strong></span> <span class='ocrx_word' id='word_1_78' title='bbox 2097 1468 2221 1519; x_wconf 88' lang='lat' dir='ltr'><strong>res</strong></span> <span class='ocrx_word' id='word_1_79' title='bbox 2276 1468 2436 1519; x_wconf 90' lang='lat' dir='ltr'><strong>eum</strong></span> <span class='ocrx_word' id='word_1_80' title='bbox 2475 1444 2599 1516; x_wconf 84' lang='lat' dir='ltr'><strong>ha·-</strong></span> 
     </span>
     <span class='ocr_line' id='line_1_12' title="bbox 590 1545 2602 1642; baseline -0.003 -20"><span class='ocrx_word' id='word_1_81' title='bbox 590 1548 747 1622; x_wconf 85' lang='lat' dir='ltr'><strong>huit</strong></span> <span class='ocrx_word' id='word_1_82' title='bbox 796 1552 1086 1635; x_wconf 83' lang='lat' dir='ltr'><strong>exitum,</strong></span> <span class='ocrx_word' id='word_1_83' title='bbox 1139 1558 1214 1620; x_wconf 88' lang='lat' dir='ltr'><strong>nt</strong></span> <span class='ocrx_word' id='word_1_84' title='bbox 1244 1547 1560 1620; x_wconf 85' lang='lat' dir='ltr'><strong>lustratis</strong></span> <span class='ocrx_word' id='word_1_85' title='bbox 1595 1549 1846 1641; x_wconf 82' lang='lat' dir='ltr'><strong>copiis,</strong></span> <span class='ocrx_word' id='word_1_86' title='bbox 1901 1568 1996 1617; x_wconf 87' lang='lat' dir='ltr'><strong>ex</strong></span> <span class='ocrx_word' id='word_1_87' title='bbox 2037 1545 2602 1642; x_wconf 81' lang='lat' dir='ltr'><strong>[quadringentis</strong></span> 
     </span>
     <span class='ocr_line' id='line_1_13' title="bbox 595 1642 2600 1742; baseline -0.002 -20"><span class='ocrx_word' id='word_1_88' title='bbox 595 1660 670 1724; x_wconf 92' lang='lat' dir='ltr'><strong>et</strong></span> <span class='ocrx_word' id='word_1_89' title='bbox 735 1646 1142 1742; x_wconf 79' lang='lat' dir='ltr'><strong>octogintal</strong></span> <span class='ocrx_word' id='word_1_90' title='bbox 1218 1652 1391 1721; x_wconf 88' lang='lat' dir='ltr'><strong>viris</strong></span> <span class='ocrx_word' id='word_1_91' title='bbox 1458 1659 1748 1732; x_wconf 52' lang='lat' dir='ltr'><strong>tantum,</strong></span> <span class='ocrx_word' id='word_1_92' title='bbox 1796 1646 2098 1719; x_wconf 85' lang='lat' dir='ltr'><strong>haberet</strong></span> <span class='ocrx_word' id='word_1_93' title='bbox 2164 1649 2524 1740; x_wconf 81' lang='lat' dir='ltr'><strong>octoginta</strong></span> <span class='ocrx_word' id='word_1_94' title='bbox 2542 1642 2600 1717; x_wconf 75' lang='lat'><strong>2.</strong></span> 
     </span>
     <span class='ocr_line' id='line_1_14' title="bbox 592 1747 2599 1844; baseline -0.002 -22"><span class='ocrx_word' id='word_1_95' title='bbox 592 1749 1074 1844; x_wconf 78' lang='lat' dir='ltr'><strong>Quapropter,</strong></span> <span class='ocrx_word' id='word_1_96' title='bbox 1125 1771 1284 1821; x_wconf 85' lang='lat' dir='ltr'><strong>eum</strong></span> <span class='ocrx_word' id='word_1_97' title='bbox 1336 1749 1644 1822; x_wconf 89' lang='lat' dir='ltr'><strong>tantillas</strong></span> <span class='ocrx_word' id='word_1_98' title='bbox 1697 1749 1997 1821; x_wconf 87' lang='lat' dir='ltr'><strong>haberet</strong></span> <span class='ocrx_word' id='word_1_99' title='bbox 2046 1751 2291 1842; x_wconf 83' lang='lat' dir='ltr'><strong>copias</strong></span> <span class='ocrx_word' id='word_1_100' title='bbox 2342 1747 2599 1820; x_wconf 88' lang='lat' dir='ltr'><strong>adver-</strong></span> 
     </span>
     <span class='ocr_line' id='line_1_15' title="bbox 591 1849 2603 1950; baseline -0.001 -27"><span class='ocrx_word' id='word_1_101' title='bbox 591 1872 723 1923; x_wconf 90' lang='lat' dir='ltr'><strong>sus</strong></span> <span class='ocrx_word' id='word_1_102' title='bbox 777 1859 913 1921; x_wconf 88' lang='lat' dir='ltr'><strong>tam</strong></span> <span class='ocrx_word' id='word_1_103' title='bbox 964 1853 1374 1950; x_wconf 76' lang='lat' dir='ltr'><strong>immensam</strong></span> <span class='ocrx_word' id='word_1_104' title='bbox 1427 1849 1935 1943; x_wconf 73' lang='lat' dir='ltr'><strong>multitudinem</strong></span> <span class='ocrx_word' id='word_1_105' title='bbox 1955 1901 1976 1934; x_wconf 92' lang='lat'><strong>,</strong></span> <span class='ocrx_word' id='word_1_106' title='bbox 2047 1871 2205 1920; x_wconf 88' lang='lat' dir='ltr'><strong>eum</strong></span> <span class='ocrx_word' id='word_1_107' title='bbox 2258 1870 2396 1943; x_wconf 81' lang='lat' dir='ltr'><strong>qua</strong></span> <span class='ocrx_word' id='word_1_108' title='bbox 2448 1855 2603 1920; x_wconf 85' lang='lat' dir='ltr'><strong>erat</strong></span> 
     </span>
     <span class='ocr_line' id='line_1_16' title="bbox 595 1948 2599 2042; baseline -0.003 -19"><span class='ocrx_word' id='word_1_109' title='bbox 595 1950 1103 2036; x_wconf 82' lang='lat' dir='ltr'><strong>dimicandum,</strong></span> <span class='ocrx_word' id='word_1_110' title='bbox 1168 1970 1210 2019; x_wconf 92' lang='lat' dir='ltr'><strong>a</strong></span> <span class='ocrx_word' id='word_1_111' title='bbox 1278 1953 1649 2042; x_wconf 85' lang='lat' dir='ltr'><strong>proposito</strong></span> <span class='ocrx_word' id='word_1_112' title='bbox 1718 1970 1805 2019; x_wconf 88' lang='lat' dir='ltr'><strong>se</strong></span> <span class='ocrx_word' id='word_1_113' title='bbox 1858 1948 2211 2041; x_wconf 85' lang='lat' dir='ltr'><strong>dejectum</strong></span> <span class='ocrx_word' id='word_1_114' title='bbox 2268 1968 2443 2020; x_wconf 85' lang='lat' dir='ltr'><strong>esse</strong></span> <span class='ocrx_word' id='word_1_115' title='bbox 2495 1951 2599 2018; x_wconf 92' lang='lat' dir='ltr'><strong>in-</strong></span> 
     </span>
     <span class='ocr_line' id='line_1_17' title="bbox 592 2049 2600 2145; baseline -0.002 -22"><span class='ocrx_word' id='word_1_116' title='bbox 592 2050 983 2143; x_wconf 83' lang='lat' dir='ltr'><strong>telligebat.</strong></span> <span class='ocrx_word' id='word_1_117' title='bbox 1083 2049 1342 2144; x_wconf 80' lang='lat' dir='ltr'><strong>Neque</strong></span> <span class='ocrx_word' id='word_1_118' title='bbox 1401 2052 1581 2120; x_wconf 87' lang='lat' dir='ltr'><strong>enim</strong></span> <span class='ocrx_word' id='word_1_119' title='bbox 1637 2052 1704 2119; x_wconf 85' lang='lat' dir='ltr'><strong>ei</strong></span> <span class='ocrx_word' id='word_1_120' title='bbox 1733 2052 2099 2136; x_wconf 84' lang='lat' dir='ltr'><strong>exercitui,</strong></span> <span class='ocrx_word' id='word_1_121' title='bbox 2154 2053 2270 2145; x_wconf 89' lang='lat' dir='ltr'><strong>qui</strong></span> <span class='ocrx_word' id='word_1_122' title='bbox 2322 2071 2407 2121; x_wconf 89' lang='lat' dir='ltr'><strong>se</strong></span> <span class='ocrx_word' id='word_1_123' title='bbox 2459 2058 2600 2119; x_wconf 88' lang='lat' dir='ltr'><strong>tam</strong></span> 
     </span>
     <span class='ocr_line' id='line_1_18' title="bbox 592 2152 2599 2245; baseline -0 -24"><span class='ocrx_word' id='word_1_124' title='bbox 592 2152 1171 2244; x_wconf 74' lang='lat' dir='ltr'><strong>septemtrionem</strong></span> <span class='ocrx_word' id='word_1_125' title='bbox 1239 2170 1503 2221; x_wconf 88' lang='lat' dir='ltr'><strong>versus</strong></span> <span class='ocrx_word' id='word_1_126' title='bbox 1570 2172 1771 2245; x_wconf 84' lang='lat' dir='ltr'><strong>quam</strong></span> <span class='ocrx_word' id='word_1_127' title='bbox 1822 2171 1864 2220; x_wconf 93' lang='lat' dir='ltr'><strong>a</strong></span> <span class='ocrx_word' id='word_1_128' title='bbox 1914 2154 2426 2244; x_wconf 84' lang='lat' dir='ltr'><strong>septemtrione</strong></span> <span class='ocrx_word' id='word_1_129' title='bbox 2478 2170 2599 2221; x_wconf 88' lang='lat' dir='ltr'><strong>se-</strong></span> 
     </span>
     <span class='ocr_line' id='line_1_19' title="bbox 595 2246 2600 2344; baseline -0.001 -22"><span class='ocrx_word' id='word_1_130' title='bbox 595 2253 715 2344; x_wconf 84' lang='lat' dir='ltr'><strong>qui</strong></span> <span class='ocrx_word' id='word_1_131' title='bbox 764 2250 1025 2337; x_wconf 90' lang='lat' dir='ltr'><strong>nollet,</strong></span> <span class='ocrx_word' id='word_1_132' title='bbox 1093 2246 1529 2322; x_wconf 88' lang='lat' dir='ltr'><strong>eredendum</strong></span> <span class='ocrx_word' id='word_1_133' title='bbox 1584 2272 1752 2322; x_wconf 87' lang='lat' dir='ltr'><strong>esse</strong></span> <span class='ocrx_word' id='word_1_134' title='bbox 1794 2250 2202 2342; x_wconf 43' lang='lat' dir='ltr'><strong>judicabat,</strong></span> <span class='ocrx_word' id='word_1_135' title='bbox 2274 2251 2600 2344; x_wconf 79' lang='lat' dir='ltr'><strong>Namque</strong></span> 
     </span>
     <span class='ocr_line' id='line_1_20' title="bbox 593 2350 2601 2446; baseline 0 -25"><span class='ocrx_word' id='word_1_136' title='bbox 593 2350 703 2422; x_wconf 91' lang='lat' dir='ltr'><strong>illi</strong></span> <span class='ocrx_word' id='word_1_137' title='bbox 782 2350 1361 2446; x_wconf 71' lang='lat' dir='ltr'><strong>populationibus</strong></span> <span class='ocrx_word' id='word_1_138' title='bbox 1446 2360 1522 2423; x_wconf 89' lang='lat' dir='ltr'><strong>et</strong></span> <span class='ocrx_word' id='word_1_139' title='bbox 1601 2354 1868 2446; x_wconf 88' lang='lat' dir='ltr'><strong>rapinis</strong></span> <span class='ocrx_word' id='word_1_140' title='bbox 1933 2353 2024 2422; x_wconf 89' lang='lat' dir='ltr'><strong>ad</strong></span> <span class='ocrx_word' id='word_1_141' title='bbox 2092 2351 2601 2423; x_wconf 85' lang='lat' dir='ltr'><strong>multitudinem</strong></span> 
     </span>
     <span class='ocr_line' id='line_1_21' title="bbox 593 2453 2599 2548; baseline -0.002 -23"><span class='ocrx_word' id='word_1_142' title='bbox 593 2453 947 2525; x_wconf 87' lang='lat' dir='ltr'><strong>adversus</strong></span> <span class='ocrx_word' id='word_1_143' title='bbox 998 2474 1086 2524; x_wconf 88' lang='lat' dir='ltr'><strong>se</strong></span> <span class='ocrx_word' id='word_1_144' title='bbox 1138 2453 1663 2540; x_wconf 81' lang='lat' dir='ltr'><strong>concitandam,</strong></span> <span class='ocrx_word' id='word_1_145' title='bbox 1733 2474 1934 2548; x_wconf 86' lang='lat' dir='ltr'><strong>quam</strong></span> <span class='ocrx_word' id='word_1_146' title='bbox 1997 2455 2088 2524; x_wconf 89' lang='lat' dir='ltr'><strong>ad</strong></span> <span class='ocrx_word' id='word_1_147' title='bbox 2150 2474 2237 2526; x_wconf 90' lang='lat' dir='ltr'><strong>se</strong></span> <span class='ocrx_word' id='word_1_148' title='bbox 2288 2456 2359 2522; x_wconf 91' lang='lat' dir='ltr'><strong>in</strong></span> <span class='ocrx_word' id='word_1_149' title='bbox 2411 2453 2599 2545; x_wconf 88' lang='lat' dir='ltr'><strong>peri-</strong></span> 
     </span>
     <span class='ocr_line' id='line_1_22' title="bbox 595 2552 2601 2648; baseline -0.001 -24"><span class='ocrx_word' id='word_1_150' title='bbox 595 2552 781 2625; x_wconf 84' lang='lat' dir='ltr'><strong>eulis</strong></span> <span class='ocrx_word' id='word_1_151' title='bbox 848 2554 1355 2646; x_wconf 85' lang='lat' dir='ltr'><strong>adjuvandum,</strong></span> <span class='ocrx_word' id='word_1_152' title='bbox 1423 2557 1852 2648; x_wconf 85' lang='lat' dir='ltr'><strong>promtiores</strong></span> <span class='ocrx_word' id='word_1_153' title='bbox 1921 2575 2090 2627; x_wconf 88' lang='lat' dir='ltr'><strong>esse</strong></span> <span class='ocrx_word' id='word_1_154' title='bbox 2159 2553 2601 2626; x_wconf 84' lang='lat' dir='ltr'><strong>videbantur.</strong></span> 
     </span>
     <span class='ocr_line' id='line_1_23' title="bbox 595 2653 2600 2749; baseline -0.001 -25"><span class='ocrx_word' id='word_1_155' title='bbox 595 2653 781 2743; x_wconf 79' lang='lat' dir='ltr'><strong>Quae</strong></span> <span class='ocrx_word' id='word_1_156' title='bbox 833 2676 957 2725; x_wconf 90' lang='lat' dir='ltr'><strong>res</strong></span> <span class='ocrx_word' id='word_1_157' title='bbox 1010 2674 1172 2725; x_wconf 89' lang='lat' dir='ltr'><strong>enm</strong></span> <span class='ocrx_word' id='word_1_158' title='bbox 1222 2654 1433 2725; x_wconf 87' lang='lat' dir='ltr'><strong>valde</strong></span> <span class='ocrx_word' id='word_1_159' title='bbox 1489 2658 1772 2725; x_wconf 85' lang='lat' dir='ltr'><strong>anxium</strong></span> <span class='ocrx_word' id='word_1_160' title='bbox 1827 2653 2090 2742; x_wconf 85' lang='lat' dir='ltr'><strong>hahuit,</strong></span> <span class='ocrx_word' id='word_1_161' title='bbox 2140 2654 2329 2749; x_wconf 86' lang='lat' dir='ltr'><strong>quod</strong></span> <span class='ocrx_word' id='word_1_162' title='bbox 2381 2675 2423 2724; x_wconf 88' lang='lat' dir='ltr'><strong>a</strong></span> <span class='ocrx_word' id='word_1_163' title='bbox 2450 2656 2600 2745; x_wconf 82' lang='lat' dir='ltr'><strong>qui-</strong></span> 
     </span>
     <span class='ocr_line' id='line_1_24' title="bbox 593 2752 2602 2839; baseline 0 -15"><span class='ocrx_word' id='word_1_164' title='bbox 593 2752 730 2825; x_wconf 82' lang='lat' dir='ltr'><strong>hus</strong></span> <span class='ocrx_word' id='word_1_165' title='bbox 770 2752 953 2825; x_wconf 60' lang='lat' dir='ltr'><strong>‘fere</strong></span> <span class='ocrx_word' id='word_1_166' title='bbox 1019 2752 1108 2825; x_wconf 84' lang='lat' dir='ltr'><strong>ab</strong></span> <span class='ocrx_word' id='word_1_167' title='bbox 1176 2756 1372 2825; x_wconf 84' lang='lat' dir='ltr'><strong>initio</strong></span> <span class='ocrx_word' id='word_1_168' title='bbox 1450 2757 1713 2826; x_wconf 84' lang='lat' dir='ltr'><strong>invitus</strong></span> <span class='ocrx_word' id='word_1_169' title='bbox 1774 2764 2060 2827; x_wconf 86' lang='lat' dir='ltr'><strong>creatus</strong></span> <span class='ocrx_word' id='word_1_170' title='bbox 2123 2776 2257 2825; x_wconf 84' lang='lat' dir='ltr'><strong>rex</strong></span> <span class='ocrx_word' id='word_1_171' title='bbox 2318 2753 2602 2839; x_wconf 78' lang='lat' dir='ltr'><strong>fnisset,</strong></span> 
     </span>
     <span class='ocr_line' id='line_1_25' title="bbox 594 2851 2604 2947; baseline -0.001 -21"><span class='ocrx_word' id='word_1_172' title='bbox 594 2853 682 2926; x_wconf 87' lang='lat' dir='ltr'><strong>ab</strong></span> <span class='ocrx_word' id='word_1_173' title='bbox 735 2851 849 2924; x_wconf 89' lang='lat' dir='ltr'><strong>his</strong></span> <span class='ocrx_word' id='word_1_174' title='bbox 899 2863 1152 2947; x_wconf 88' lang='lat' dir='ltr'><strong>postea</strong></span> <span class='ocrx_word' id='word_1_175' title='bbox 1203 2852 1387 2926; x_wconf 90' lang='lat' dir='ltr'><strong>male</strong></span> <span class='ocrx_word' id='word_1_176' title='bbox 1441 2854 1778 2927; x_wconf 85' lang='lat' dir='ltr'><strong>desertus</strong></span> <span class='ocrx_word' id='word_1_177' title='bbox 1830 2865 2049 2927; x_wconf 85' lang='lat' dir='ltr'><strong>esset.</strong></span> <span class='ocrx_word' id='word_1_178' title='bbox 2127 2855 2339 2927; x_wconf 85' lang='lat' dir='ltr'><strong>Nune</strong></span> <span class='ocrx_word' id='word_1_179' title='bbox 2388 2855 2604 2946; x_wconf 81' lang='lat' dir='ltr'><strong>igitur</strong></span> 
     </span>
     <span class='ocr_line' id='line_1_26' title="bbox 594 2953 2601 3049; baseline -0 -24"><span class='ocrx_word' id='word_1_180' title='bbox 594 2954 817 3025; x_wconf 85' lang='lat' dir='ltr'><strong>rebus</strong></span> <span class='ocrx_word' id='word_1_181' title='bbox 869 2956 1021 3026; x_wconf 90' lang='lat' dir='ltr'><strong>suis</strong></span> <span class='ocrx_word' id='word_1_182' title='bbox 1071 2957 1300 3026; x_wconf 83' lang='lat' dir='ltr'><strong>animo</strong></span> <span class='ocrx_word' id='word_1_183' title='bbox 1354 2958 1746 3049; x_wconf 77' lang='lat' dir='ltr'><strong>pensitatiS,</strong></span> <span class='ocrx_word' id='word_1_184' title='bbox 1797 2955 1934 3026; x_wconf 87' lang='lat' dir='ltr'><strong>sibi</strong></span> <span class='ocrx_word' id='word_1_185' title='bbox 1985 2977 2128 3026; x_wconf 91' lang='lat' dir='ltr'><strong>non</strong></span> <span class='ocrx_word' id='word_1_186' title='bbox 2162 2977 2334 3027; x_wconf 88' lang='lat' dir='ltr'><strong>esse</strong></span> <span class='ocrx_word' id='word_1_187' title='bbox 2380 2953 2601 3026; x_wconf 82' lang='lat' dir='ltr'><strong>facul-</strong></span> 
     </span>
     <span class='ocr_line' id='line_1_27' title="bbox 595 3054 2603 3150; baseline 0 -25"><span class='ocrx_word' id='word_1_188' title='bbox 595 3065 808 3126; x_wconf 84' lang='lat' dir='ltr'><strong>tatem</strong></span> <span class='ocrx_word' id='word_1_189' title='bbox 860 3054 1148 3126; x_wconf 85' lang='lat' dir='ltr'><strong>videhat</strong></span> <span class='ocrx_word' id='word_1_190' title='bbox 1199 3055 1286 3126; x_wconf 85' lang='lat' dir='ltr'><strong>ab</strong></span> <span class='ocrx_word' id='word_1_191' title='bbox 1338 3055 1480 3127; x_wconf 84' lang='lat' dir='ltr'><strong>hoc</strong></span> <span class='ocrx_word' id='word_1_192' title='bbox 1534 3058 1856 3127; x_wconf 83' lang='lat' dir='ltr'><strong>exercitu</strong></span> <span class='ocrx_word' id='word_1_193' title='bbox 1910 3056 2352 3142; x_wconf 85' lang='lat' dir='ltr'><strong>discedendi,</strong></span> <span class='ocrx_word' id='word_1_194' title='bbox 2410 3054 2603 3150; x_wconf 83' lang='lat' dir='ltr'><strong>quod</strong></span> 
     </span>
     <span class='ocr_line' id='line_1_28' title="bbox 595 3154 2605 3251; baseline 0 -25"><span class='ocrx_word' id='word_1_195' title='bbox 595 3154 706 3242; x_wconf 85' lang='lat' dir='ltr'><strong>hi,</strong></span> <span class='ocrx_word' id='word_1_196' title='bbox 776 3158 894 3250; x_wconf 85' lang='lat' dir='ltr'><strong>qui</strong></span> <span class='ocrx_word' id='word_1_197' title='bbox 961 3177 1123 3227; x_wconf 92' lang='lat' dir='ltr'><strong>eum</strong></span> <span class='ocrx_word' id='word_1_198' title='bbox 1175 3160 1617 3250; x_wconf 87' lang='lat' dir='ltr'><strong>potissimum</strong></span> <span class='ocrx_word' id='word_1_199' title='bbox 1685 3159 1895 3251; x_wconf 89' lang='lat' dir='ltr'><strong>sequi</strong></span> <span class='ocrx_word' id='word_1_200' title='bbox 1949 3157 2386 3243; x_wconf 78' lang='lat' dir='ltr'><strong>voluerunt,</strong></span> <span class='ocrx_word' id='word_1_201' title='bbox 2440 3177 2605 3226; x_wconf 89' lang='lat' dir='ltr'><strong>eum</strong></span> 
     </span>
     <span class='ocr_line' id='line_1_29' title="bbox 598 3255 2688 3349; baseline 0 -22"><span class='ocrx_word' id='word_1_202' title='bbox 598 3257 984 3347; x_wconf 84' lang='lat' dir='ltr'><strong>diligenter</strong></span> <span class='ocrx_word' id='word_1_203' title='bbox 1035 3259 1595 3331; x_wconf 83' lang='lat' dir='ltr'><strong>custodiverunt.</strong></span> <span class='ocrx_word' id='word_1_204' title='bbox 1717 3255 1879 3349; x_wconf 81' lang='lat' dir='ltr'><strong>Qua</strong></span> <span class='ocrx_word' id='word_1_205' title='bbox 1936 3260 2027 3329; x_wconf 92' lang='lat' dir='ltr'><strong>de</strong></span> <span class='ocrx_word' id='word_1_206' title='bbox 2078 3279 2296 3329; x_wconf 84' lang='lat' dir='ltr'><strong>causa</strong></span> <span class='ocrx_word' id='word_1_207' title='bbox 2345 3260 2601 3329; x_wconf 87' lang='lat' dir='ltr'><strong>iterum</strong></span> <span class='ocrx_word' id='word_1_208' title='bbox 2669 3283 2688 3289; x_wconf 86' lang='grc'>·</span> 
     </span>
     <span class='ocr_line' id='line_1_30' title="bbox 594 3355 2606 3450; baseline 0 -23"><span class='ocrx_word' id='word_1_209' title='bbox 594 3361 667 3427; x_wconf 91' lang='lat' dir='ltr'><strong>in</strong></span> <span class='ocrx_word' id='word_1_210' title='bbox 717 3356 1265 3442; x_wconf 83' lang='lat' dir='ltr'><strong>Vermalandum</strong></span> <span class='ocrx_word' id='word_1_211' title='bbox 1318 3379 1686 3445; x_wconf 88' lang='lat' dir='ltr'><strong>reversus,</strong></span> <span class='ocrx_word' id='word_1_212' title='bbox 1737 3357 2000 3431; x_wconf 82' lang='lat' dir='ltr'><strong>festum</strong></span> <span class='ocrx_word' id='word_1_213' title='bbox 2028 3356 2382 3450; x_wconf 82' lang='lat' dir='ltr'><strong>paschatis</strong></span> <span class='ocrx_word' id='word_1_214' title='bbox 2416 3355 2606 3450; x_wconf 85' lang='lat' dir='ltr'><strong>apud</strong></span> 
     </span>
     <span class='ocr_line' id='line_1_31' title="bbox 596 3457 2605 3551; baseline -0.001 -23"><span class='ocrx_word' id='word_1_215' title='bbox 596 3457 1049 3528; x_wconf 86' lang='lat' dir='ltr'><strong>sacerdotem</strong></span> <span class='ocrx_word' id='word_1_216' title='bbox 1117 3457 1506 3551; x_wconf 86' lang='lat' dir='ltr'><strong>quendam,</strong></span> <span class='ocrx_word' id='word_1_217' title='bbox 1575 3459 1694 3551; x_wconf 84' lang='lat' dir='ltr'><strong>qui</strong></span> <span class='ocrx_word' id='word_1_218' title='bbox 1745 3458 1835 3528; x_wconf 89' lang='lat' dir='ltr'><strong>ad</strong></span> <span class='ocrx_word' id='word_1_219' title='bbox 1890 3480 2051 3531; x_wconf 88' lang='lat' dir='ltr'><strong>eum</strong></span> <span class='ocrx_word' id='word_1_220' title='bbox 2106 3458 2605 3551; x_wconf 83' lang='lat' dir='ltr'><strong>excipiendum</strong></span> 
     </span>
     <span class='ocr_line' id='line_1_32' title="bbox 594 3554 2608 3653; baseline 0 -26"><span class='ocrx_word' id='word_1_221' title='bbox 594 3554 1039 3653; x_wconf 86' lang='lat' dir='ltr'><strong>magnifieum</strong></span> <span class='ocrx_word' id='word_1_222' title='bbox 1089 3566 1457 3649; x_wconf 87' lang='lat' dir='ltr'><strong>appararat</strong></span> <span class='ocrx_word' id='word_1_223' title='bbox 1511 3561 1931 3646; x_wconf 85' lang='lat' dir='ltr'><strong>convivium,</strong></span> <span class='ocrx_word' id='word_1_224' title='bbox 1984 3561 2349 3651; x_wconf 85' lang='lat' dir='ltr'><strong>transegit.</strong></span> <span class='ocrx_word' id='word_1_225' title='bbox 2421 3556 2608 3629; x_wconf 90' lang='lat' dir='ltr'><strong>Post</strong></span> 
     </span>
     <span class='ocr_line' id='line_1_33' title="bbox 595 3655 2605 3751; baseline 0 -24"><span class='ocrx_word' id='word_1_226' title='bbox 595 3655 758 3728; x_wconf 81' lang='lat' dir='ltr'><strong>haee</strong></span> <span class='ocrx_word' id='word_1_227' title='bbox 817 3655 1064 3729; x_wconf 88' lang='lat' dir='ltr'><strong>literas</strong></span> <span class='ocrx_word' id='word_1_228' title='bbox 1130 3661 1202 3727; x_wconf 93' lang='lat' dir='ltr'><strong>in</strong></span> <span class='ocrx_word' id='word_1_229' title='bbox 1269 3656 1706 3751; x_wconf 82' lang='lat' dir='ltr'><strong>Norvegiam</strong></span> <span class='ocrx_word' id='word_1_230' title='bbox 1775 3661 1865 3731; x_wconf 89' lang='lat' dir='ltr'><strong>ad</strong></span> <span class='ocrx_word' id='word_1_231' title='bbox 1931 3657 2605 3743; x_wconf 88' lang='lat' dir='ltr'><strong>Thelamarkenses‚</strong></span> 
     </span>
     <span class='ocr_line' id='line_1_34' title="bbox 597 3758 2603 3854; baseline -0.002 -24"><span class='ocrx_word' id='word_1_232' title='bbox 597 3760 721 3852; x_wconf 84' lang='lat' dir='ltr'><strong>qui</strong></span> <span class='ocrx_word' id='word_1_233' title='bbox 785 3779 946 3830; x_wconf 86' lang='lat' dir='ltr'><strong>eum</strong></span> <span class='ocrx_word' id='word_1_234' title='bbox 1007 3779 1186 3851; x_wconf 85' lang='lat' dir='ltr'><strong>rege</strong></span> <span class='ocrx_word' id='word_1_235' title='bbox 1238 3758 1512 3849; x_wconf 83' lang='lat' dir='ltr'><strong>Magno</strong></span> <span class='ocrx_word' id='word_1_236' title='bbox 1567 3769 1641 3830; x_wconf 90' lang='lat' dir='ltr'><strong>et</strong></span> <span class='ocrx_word' id='word_1_237' title='bbox 1687 3759 1988 3854; x_wconf 85' lang='lat' dir='ltr'><strong>Erlingo</strong></span> <span class='ocrx_word' id='word_1_238' title='bbox 2044 3761 2343 3853; x_wconf 88' lang='lat' dir='ltr'><strong>dynasta</strong></span> <span class='ocrx_word' id='word_1_239' title='bbox 2394 3759 2603 3830; x_wconf 88' lang='lat' dir='ltr'><strong>dissi-</strong></span> 
     </span>
     <span class='ocr_line' id='line_1_35' title="bbox 598 3856 2607 3955; baseline 0 -27"><span class='ocrx_word' id='word_1_240' title='bbox 598 3856 885 3946; x_wconf 84' lang='lat' dir='ltr'><strong>debant,</strong></span> <span class='ocrx_word' id='word_1_241' title='bbox 935 3860 1148 3945; x_wconf 86' lang='lat' dir='ltr'><strong>misit,</strong></span> <span class='ocrx_word' id='word_1_242' title='bbox 1199 3857 1312 3932; x_wconf 88' lang='lat' dir='ltr'><strong>his</strong></span> <span class='ocrx_word' id='word_1_243' title='bbox 1362 3858 1597 3954; x_wconf 84' lang='lat' dir='ltr'><strong>aliqua</strong></span> <span class='ocrx_word' id='word_1_244' title='bbox 1636 3861 2048 3955; x_wconf 85' lang='lat' dir='ltr'><strong>privilegia,</strong></span> <span class='ocrx_word' id='word_1_245' title='bbox 2099 3863 2166 3932; x_wconf 91' lang='lat' dir='ltr'><strong>si</strong></span> <span class='ocrx_word' id='word_1_246' title='bbox 2210 3859 2441 3932; x_wconf 89' lang='lat' dir='ltr'><strong>studia</strong></span> <span class='ocrx_word' id='word_1_247' title='bbox 2473 3878 2607 3932; x_wconf 88' lang='lat' dir='ltr'><strong>sua</strong></span> 
     </span>
    </p>
   </div>
   <div class='ocr_carea' id='block_1_3' title="bbox 599 3953 2607 4068">
    <p class='ocr_par' dir='ltr' id='par_1_3' title="bbox 599 3953 2607 4068">
     <span class='ocr_line' id='line_1_36' title="bbox 599 3953 2607 4068; baseline -0 -39"><span class='ocrx_word' id='word_1_248' title='bbox 599 3957 687 4029; x_wconf 88' lang='lat' dir='ltr'><strong>ad</strong></span> <span class='ocrx_word' id='word_1_249' title='bbox 756 3953 842 4029; x_wconf 81' lang='lat' dir='ltr'><strong>&#39;se</strong></span> <span class='ocrx_word' id='word_1_250' title='bbox 912 3968 1459 4046; x_wconf 85' lang='lat' dir='ltr'><strong>converterent,</strong></span> <span class='ocrx_word' id='word_1_251' title='bbox 1526 3960 1886 4055; x_wconf 80' lang='lat' dir='ltr'><strong>pollicitus</strong></span> <span class='ocrx_word' id='word_1_252' title='bbox 1941 3970 2092 4046; x_wconf 81' lang='lat' dir='ltr'><strong>est,</strong></span> <span class='ocrx_word' id='word_1_253' title='bbox 2163 3979 2472 4068; x_wconf 69' lang='lat' dir='ltr'><strong>eosgue,</strong></span> <span class='ocrx_word' id='word_1_254' title='bbox 2540 3959 2607 4029; x_wconf 88' lang='lat' dir='ltr'><strong>si</strong></span> 
     </span>
    </p>
   </div>
   <div class='ocr_carea' id='block_1_4' title="bbox 597 4092 2644 4261">
    <p class='ocr_par' dir='ltr' id='par_1_4' title="bbox 597 4071 2644 4261">
     <span class='ocr_line' id='line_1_37' title="bbox 672 4092 2644 4175; baseline -0.008 -16"><span class='ocrx_word' id='word_1_255' title='bbox 672 4092 724 4160; x_wconf 72' lang='grc' dir='ltr'><strong>ι)</strong></span> <span class='ocrx_word' id='word_1_256' title='bbox 763 4092 970 4158; x_wconf 57' lang='grc' dir='ltr'><strong>θθῐθΐῖδ</strong></span> <span class='ocrx_word' id='word_1_257' title='bbox 1013 4097 1249 4154; x_wconf 69' lang='lat' dir='ltr'><strong>trecentis</strong></span> <span class='ocrx_word' id='word_1_258' title='bbox 1300 4111 1351 4155; x_wconf 79' lang='lat' dir='ltr'><strong>et</strong></span> <span class='ocrx_word' id='word_1_259' title='bbox 1387 4097 1675 4175; x_wconf 67' lang='lat' dir='ltr'><strong>sexaginta,</strong></span> <span class='ocrx_word' id='word_1_260' title='bbox 1721 4100 1788 4153; x_wconf 82' lang='lat' dir='ltr'><strong>A.</strong></span> <span class='ocrx_word' id='word_1_261' title='bbox 1897 4096 1952 4171; x_wconf 79' lang='lat'><strong>²)</strong></span> <span class='ocrx_word' id='word_1_262' title='bbox 1990 4097 2338 4172; x_wconf 72' lang='lat' dir='ltr'><strong>septuaginta,</strong></span> <span class='ocrx_word' id='word_1_263' title='bbox 2377 4096 2461 4162; x_wconf 83' lang='lat' dir='ltr'><strong>B,-</strong></span> <span class='ocrx_word' id='word_1_264' title='bbox 2504 4115 2610 4151; x_wconf 69' lang='grc' dir='ltr'><strong>ηο-</strong></span> <span class='ocrx_word' id='word_1_265' title='bbox 2631 4136 2644 4144; x_wconf 86' lang='grc'><em>.</em></span> 
     </span>
     <span class='ocr_line' id='line_1_38' title="bbox 597 4184 933 4261; baseline 0.006 -20"><span class='ocrx_word' id='word_1_266' title='bbox 597 4188 827 4261; x_wconf 68' lang='lat' dir='ltr'><strong>naginta,</strong></span> <span class='ocrx_word' id='word_1_267' title='bbox 862 4184 933 4243; x_wconf 75' lang='grc' dir='ltr'><strong>Η.</strong></span> 
     </span>
    </p>
   </div>
   <div class='ocr_carea' id='block_1_5' title="bbox 2938 92 2942 722">
    <p class='ocr_par' dir='ltr' id='par_1_5' title="bbox 2938 92 2942 722">
     <span class='ocr_line' id='line_1_39' title="bbox 2938 92 2942 722; baseline 0 0"><span class='ocrx_word' id='word_1_268' title='bbox 2938 92 2942 722; x_wconf 95' lang='lat' dir='ltr'><strong> </strong></span> 
     </span>
    </p>
   </div>
  </div>
 </body>
</html>
