2950 4709
350 377 437 448 c.
453 374 710 445 too-10.
799 377 1167 433 msa-omn
1218 379 1445 474 unfus
1500 375 1946 432 summ-{ms}
2183 353 2380 446 „132
2478 392 2484 395 >

360 578 530 641 nota
581 565 664 640 si'
698 589 841 639 nou
890 569 1329 653 invenietur,
1396 574 1675 638 certum
1728 576 1880 654 est,
1945 587 2179 642 meum
2230 561 2377 640 nou

363 691 536 741 esse
588 669 841 757 lilium3
892 670 959 740 si
1009 670 1431 754 invenietur,
1483 687 1626 737 non
1657 666 2139 740 dissimulabo.
2221 668 2375 739 De·

361 771 530 841 inde
576 773 790 863 jussu
840 770 1038 860 regis
1087 765 1357 839 Petrus
1409 788 1525 854 eo,
1575 766 1698 837 ubi
1748 765 1963 839 funus
2017 778 2192 855 erat,
2245 765 2375 839 du⁶

360 880 556 956 etus,
607 869 858 941 calceo
912 868 1283 961 caligaque
1337 867 1712 953 detractis,
1764 888 1851 939 se
1904 878 2163 954 notam,
2215 887 2376 963 quae

360 975 434 1040 iu
485 970 633 1040 tilio
686 990 822 1041 suo
873 969 1153 1055 fuisset,
1204 986 1611 1060 agnoscere
1654 976 1960 1039 testatus
1999 977 2135 1039 est.
2211 966 2378 1038 Rex

361 1069 683 1142 Sverrer
732 1070 1105 1163 oppidanis
1154 1070 1451 1162 suisque
1506 1067 1843 1139 militibus
1903 1068 2146 1162 palam·
2183 1068 2378 1155 feeit,

362 1170 625 1242 Jonem
677 1169 898 1257 illum,
954 1190 1162 1263 quem
1194 1165 1537 1260 Kussungi
1588 1188 1838 1261 regem
1889 1187 2097 1240 suum
2130 1167 2378 1262 appel·

362 1270 660 1358 lassent,
712 1272 957 1343 vocari
1009 1265 1329 1355 Ormum,
1379 1266 1586 1340 Petri
1637 1267 2099 1363 Astridaeque
2139 1268 2378 1356 filium,

360 1381 884 1466 praetereaque,
934 1367 1232 1442 Petrum
1281 1373 1512 1462 ipsum
1550 1389 1642 1440 eo
1676 1368 1844 1440 loeo
1873 1369 2163 1456 adesse,
2215 1389 2379 1439 cor-

362 1493 501 1565 pus
565 1471 690 1543 filii
756 1475 874 1542 sui
942 1478 1493 1562 agnoscentem:
1565 1477 1641 1539 et
1705 1468 1957 1554 vobis,
2024 1469 2377 1563 oppidani,

360 1574 609 1664 inquit,
659 1578 902 1642 notum
956 1568 1145 1640 baud
1199 1568 1415 1640 dubie
1469 1577 1610 1654 est,
1665 1588 1898 1661 ecquo
1940 1572 2105 1660 jure
2152 1589 2377 1661 gene-

363 1673 468 1741 ris
517 1668 785 1741 Petrus
812 1678 913 1740 -et
962 1669 1256 1740 Astrida
1305 1667 1675 1762 postulare
1708 1677 2011 1762 queant,
2064 1678 2144 1740 ut
2189 1667 2379 1739 filius

365 1791 616 1841 eorum
668 1792 800 1841 rex
853 1769 1248 1861 Norvegiae
1302 1777 1538 1855 esset3
1595 1768 1784 1838 unde
1832 1777 2148 1862 apparet,
2197 1787 2379 1863 quas

364 1870 658 1942 fraudes
726 1869 908 1941 mala
974 1872 1113 1941 ista
1172 1869 1648 1962 praedatorum
1714 1867 1927 1940 factio
1978 1869 2377 1939 venditarit.

363 1969 548 2043 Post
616 1970 775 2044 baee
842 1971 1055 2042 funus
1103 1968 1315 2041 Jonis
1364 1967 1704 2060 Kuflungi
1767 1972 1841 2038 in
1905 1969 2067 2040 aede
2120 1969 2377 2041 Mariae

362 2072 717 2144 humatum
773 2081 905 2144 est.
1022 2067 1203 2143 Tum
1273 2071 1569 2163 primum
1634 2090 1769 2140 rex
1818 2066 2134 2142 Sverrer
2181 2071 2379 2161 ejus-

363 2194 506 2268 que
561 2173 823 2244 milites
875 2175 970 2243 ita
1020 2169 1306 2263 Bergas
1357 2169 1842 2256 advenerunt,
1909 2180 1989 2242 ut
2035 2171 2376 2241 universo

364 2273 635 2367 populo
691 2275 1009 2364 exoptati
1060 2271 1422 2341 adessent.
1523 2267 1710 2339 Post
1759 2264 1922 2339 haee
1968 2290 2104 2339 rex
2150 2266 2375 2339 Sver-

365 2393 491 2445 rer
538 2371 933 2461 Norvegiae
1001 2369 1208 2441 solus
1275 2369 1678 2460 imperavit,
1755 2368 1911 2439 ille·
1951 2367 2379 2462 aliquantum

366 2474 708 2565 temporis
755 2468 1024 2560 Bergis
1074 2487 1160 2539 se
1214 2466 1639 2538 continebat.

887 2569 1012 2641 De
1064 2561 1394 2664 Siando
1453 2565 1855 2637 Brennere.

571 2666 739 2739 110.
840 2667 920 2738 In
978 2668 1161 2740 loeis
1218 2666 1679 2742 silvestribus
1726 2666 1820 2737 ad
1872 2669 2220 2757 orientem
2272 2666 2378 2738 ra:-

365 2773 511 2841 etio
566 2778 742 2855 erat,
794 2792 952 2864 qvae
1004 2773 1077 2840 in
1105 2769 1357 2840 Vikam
1410 2769 1811 2859 irrumpens
1862 2767 2078 2840 multa
2107 2768 2204 2838 ibi
2235 2788 2377 2838 ma-

367 2870 598 2941 leficia
650 2880 1076 2963 patraverat,
1128 2870 1452 2940 homines
1498 2868 1983 2957 interfecerat,
2034 2869 2381 2964 quosdam

370 2972 781 3064 diripuerat,
834 2972 1132 3045 aliorum
1184 2971 1371 3041 bona
1421 2968 1909 3058 inflammaret,
1964 2972 2080 3041 cui
2132 2968 2381 3040 factio-

365 3074 436 3141 ni
508 3082 818 3164 praeerat
883 3075 1028 3157 vir,
1110 3074 1511 3142 nominatus
1578 3067 1939 3161 Sigurdus
2023 3061 2380 3154 Brenner,

366 3170 556 3241 lilius
607 3173 809 3262 regis
849 3170 1028 3262 lngii
1063 3169 1357 3241 Haraldi
1404 3163 1550 3237 filii.
1653 3166 2016 3259 Sigurdus
2048 3166 2382 3238 Breuner
2498 3193 2514 3207 ·

363 3269 628 3342 Jonem
663 3269 1093 3363 Kuflungum
1148 3277 1604 3354 convenerat,
1658 3270 1777 3361 qui
1828 3288 1988 3338 eum
2043 3287 2173 3360 pro
2208 3286 2378 3338 eon·
2439 3307 2452 3326 κ

258 3445 282 3459 ‚
367 3373 762 3462 sangvineo
816 3375 1126 3463 agnitum
1181 3371 1272 3441 ad
1339 3390 1426 3441 se
1501 3371 1949 3458 invitaverat3
2018 3366 2378 3460 Sigurdus

366 3489 549 3540 vero
581 3492 732 3541 rem
750 3471 1291 3565 Kussungianam
1313 3471 1765 3562 dedignatuS,
1821 3488 2097 3563 suaque
2135 3487 2377 3541 rerum

368 3565 678 3640 civilium
748 3581 823 3641 et
892 3571 1275 3644 aulicarum
1339 3569 2035 3644 administrandarum
2102 3572 2377 3664 peritia,

368 3667 764 3764 prudentia,
816 3681 891 3746 et
939 3694 1077 3765 qua
1128 3673 1412 3745 valeret
1462 3673 1686 3764 gratia
1739 3667 1996 3740 melius
2034 3659 2378 3754 confisuS,

366 3769 483 3841 his
545 3769 872 3862 omnibus
941 3792 1141 3864 opus·
1197 3795 1366 3845 esse
1437 3773 1615 3844 dixit
1675 3769 2029 3841 adversus
2084 3766 2381 3842 consilia

366 3871 772 3942 sacerdotis
821 3868 1238 3942 Sverreris:
1312 3886 1404 3942 'se
1469 3872 2148 3962 consangvinitatem
2217 3889 2379 3940 eum

367 3969 733 4042 Sverrere
787 3972 1221 4066 ordinesque
1274 3968 1527 4065 quibus
1564 3980 1772 4041 esset·
1795 3973 2097 4041 initiatus
2138 3966 2376 4040 eecle-

366 4074 721 4157 siastieos,
773 4074 835 4143 si
888 4071 1530 4164 congrederentur,
1584 4072 1787 4164 parvi
1837 4073 2375 4141 aestimaturum:

367 4169 596 4251 videri
625 4171 765 4245 sibi
796 4170 995 4250 illum
1032 4193 1212 4245 suos
1241 4180 1591 4268 cognatos
1619 4173 1715 4244 ita
1739 4178 2062 4244 tractare.
2143 4163 2386 4270 Quam
