2950 4709
605 349 794 440 242
1039 376 1404 428 nis-roma
1459 367 1686 426 nnete
1743 373 2178 450 aveamus.
2362 371 2439 437 ο.
2468 367 2634 437 146,

607 569 849 633 entus.
832 584 850 601 ·
920 561 1169 652 copias
1237 557 1329 630 ab
1401 556 1775 651 oppidanis
1833 560 2115 652 poscito
2136 609 2157 645 ,
2223 559 2485 653 inquit,
2553 570 2645 633 et

608 668 955 756 quantum
1005 659 1321 731 nancisci
1384 660 1714 776 poterim·
1756 661 2132 736 assumito·
2115 710 2135 746 ,
2214 657 2372 730 fieri
2441 664 2638 732 enim

606 767 870 855 potest,
943 779 1102 830 cum
1153 761 1483 860 proxime
1553 759 1931 830 veniemus
1982 760 2054 827 in
2106 758 2480 852 oppidum,
2550 772 2640 833 ut

608 858 918 934 auxilio·
942 859 1152 931 nohis
1221 879 1406 952 opus
1465 859 1579 930 sit.
1678 856 1959 930 Eodem
2031 857 2149 928 die
2215 879 2349 931 rex
2403 858 2632 932 Sver»

609 977 736 1032 rer
802 980 899 1030 ex
966 958 1232 1053 oppido
1296 955 1563 1044 solvit,
1628 967 1703 1030 et
1768 958 2141 1030 meridiem
2206 979 2467 1031 versus
2535 961 2633 1032 ad

608 1058 1162 1152 Siggjarvogum
1228 1058 1608 1152 pertendit.
1704 1056 1984 1130 Eodem
2049 1080 2230 1132 vero
2286 1059 2404 1129 die
2454 1059 2632 1131 Hal·

609 1159 880 1232 vardus
946 1179 1107 1230 cum
1178 1159 1407 1250 copiis
1455 1155 1850 1248 Baglorum
1902 1161 1976 1229 in
2026 1158 2359 1250 oppidum
2406 1164 2633 1247 venit,

613 1254 1118 1351 extemploque
1171 1277 1271 1330 ex
1323 1257 1587 1350 oppido
1626 1256 1865 1343 solvit,
1916 1279 2165 1350 regem
2199 1257 2631 1332 Sverrerem

610 1359 1160 1452 conquisiturus·
1284 1353 1609 1446 Quorum
1691 1355 1858 1428 vela
1936 1360 2386 1455 conspicatus
2466 1382 2649 1449 rex,

608 1479 791 1531 sues
843 1456 1155 1530 classem
1209 1476 1253 1528 e
1289 1465 1703 1549 conspectu
1754 1478 2137 1530 removere
2181 1461 2433 1550 Jussit:
2487 1459 2633 1532 hos

609 1557 980 1631 meridiem
1042 1577 1308 1632 versus
1357 1559 1964 1650 praeternavigare
2014 1559 2345 1629 sinamus.
2445 1558 2633 1633 Hinc

611 1659 869 1731 factum
888 1710 910 1746 ‚
980 1667 1061 1730 ut
1108 1656 1320 1750 Bagli
1371 1656 1738 1728 meridiem
1788 1679 2052 1730 versus
2106 1658 2632 1734 contendentes

614 1780 750 1832 eos
799 1759 1286 1853 praeterirent,
1349 1776 1529 1843 nec,
1581 1778 1724 1851 quo
1776 1755 1943 1830 loco
1995 1756 2391 1830 Birkibeini
2445 1759 2628 1832 deli-

611 1868 1018 1944 tescerent,
1070 1860 1375 1929 animum
1425 1857 1904 1930 adverterent.
2008 1855 2152 1948 Qui
2203 1867 2280 1929 ut
2330 1863 2629 1951 primum

614 1968 817 2030 erant
865 1956 1364 2051 praetervecti}
1435 1976 1571 2027 rex
1624 1955 1930 2030 classem
1985 1981 2190 2052 quam
2244 1959 2633 2034 celerrime

610 2057 898 2149 Bergas
948 2059 1532 2149 septemtrionem
1581 2078 1841 2129 versus
1892 2057 2198 2142 reduxit,
2251 2067 2325 2130 et
2373 2060 2464 2132 ad
2513 2083 2629 2132 ar-

501 2177 506 2184 *
613 2178 771 2230 cem
825 2176 1176 2247 egressus
1228 2176 1404 2229 suos
1450 2160 1807 2242 convenit,
1860 2161 2355 2253 quaesivitque,
2406 2183 2629 2255 quan-

612 2267 759 2328 tum
825 2255 1118 2327 militum
1181 2276 1552 2328 numerum
1604 2253 1958 2348 Signi-dus
2026 2279 2441 2351 comparare
2496 2283 2629 2354 po-

613 2361 888 2432 tuisset.
981 2355 1058 2426 A
1110 2378 1251 2451 quo
1305 2378 1461 2428 cum
1514 2357 1942 2443 audivisset,
2009 2358 2313 2431 colonos
2362 2360 2627 2433 nullam

615 2458 964 2532 dictorum
1032 2460 1189 2550 ejus
1258 2459 1600 2530 rationem
1670 2456 2046 2544 habuisse,
2130 2458 2467 2555 nullaque
2534 2483 2625 2534 re

612 2556 872 2630 honori
940 2560 1142 2649 regis
1207 2559 1562 2630 inservire
1628 2557 1865 2655 velle,
1932 2557 2198 2630 indicto
2266 2571 2626 2634 conventu

613 2662 685 2729 in
737 2657 1027 2750 oppido,
1082 2660 1471 2731 orationem
1524 2656 1765 2731 habuit
1812 2660 1887 2728 in
1936 2656 2120 2730 hanc
2166 2665 2627 2733 sententiam.

613 2755 848 2830 adhuc
897 2777 1060 2841 vos,
1105 2753 1557 2847 Bergenses,
1608 2778 1946 2852 perquam
1994 2757 2380 2831 hostilem
2359 2784 2432 2831 ιιι
2483 2784 2625 2850 me,

613 2865 691 2930 ut
738 2864 971 2939 antea,
1021 2857 1324 2926 animum
1385 2858 1659 2948 geritiS,
1710 2856 1852 2929 hoc
1904 2858 2240 2952 oppidum
2291 2860 2457 2935 fons
2513 2874 2651 2935 est

614 2958 921 3029 omnium
986 2953 1380 3052 bellorum,
1463 2977 1624 3050 quae
1700 2958 2057 3030 adversus
2136 2981 2265 3032 me
2319 2966 2628 3035 excitata

614 3063 850 3130 suut.
900 3051 1113 3126 Omni
1165 3064 1524 3150 tempore,
1578 3066 1947 3152 postquam
2000 3079 2299 3152 regnum
2350 3066 2625 3157 accepi,

611 3177 750 3231 vos
813 3158 1258 3248 gravissimis
1325 3156 1513 3229 odiis
1566 3179 1678 3229 me
1730 3162 2099 3251 persecuti
2150 3164 2359 3250 estis3
2429 3164 2641 3257 quod-

614 3259 922 3353 quidem,
974 3256 1413 3329 viventibus
1430 3259 1703 3349 Magno
1759 3268 1833 3330 et
1879 3258 2203 3352 Erlingo,
2254 3261 2487 3357 aliqua
2527 3284 2647 3334 ex·

613 3367 816 3453 parte
867 3357 1405 3430 concedendum
1455 3356 1668 3429 vobis
1709 3369 1898 3430 erat.
1951 3382 2137 3436 nunc
2166 3371 2400 3432 autem
2438 3384 2623 3457 prae-

615 3467 730 3528 ter
778 3454 1011 3527 solum
1080 3455 1320 3527 odium
1388 3454 1564 3527 nihil
1607 3467 1767 3544 est,
1837 3459 2030 3552 quod
2097 3459 2495 3533 bellatores
2549 3472 2626 3535 et

612 3554 998 3650 praedones
1064 3554 1419 3625 adversus
1468 3559 1737 3647 justum
1788 3579 2037 3649 regem
2090 3561 2483 3654 adiuvetis,
2545 3573 2624 3635 et

614 3655 754 3729 hoc
805 3662 1013 3748 pacto
1066 3657 1554 3726 auctoritatem
1621 3659 1780 3749 ejus
1842 3659 2284 3733 deminuatis.
2386 3660 2620 3754 Quam

615 3752 709 3827 ob
758 3776 916 3826 rem
976 3776 1157 3828 vero
1226 3765 1344 3828 est
1392 3756 1856 3846 simillimum,
1923 3759 2112 3832 idem
2163 3762 2373 3834 vohis
2424 3764 2622 3857 qnod

613 3863 823 3927 antea
874 3876 1011 3927 usu
1061 3866 1467 3945 venturum,
1535 3872 1614 3929 ut
1665 3880 1809 3953 quo
1857 3863 2123 3952 majore
2178 3881 2316 3934 nos
2369 3873 2619 3936 contu-

611 3953 823 4028 melia
891 3956 1244 4043 afliciatiS,
1317 3977 1409 4032 eo
1471 3980 1787 4053 semper
1825 3959 2185 4032 deterior
2193 3984 2434 4050 rerum
2480 3984 2618 4035 ve-

605 4037 920 4127 'strarum
986 4055 1298 4132 conditio
1362 4058 1723 4130 reddatur.
1841 4058 1925 4131 111
1992 4083 2279 4155 quoque
2347 4066 2622 4153 sciat-ie,

609 4174 751 4227 vos
802 4154 1121 4230 fortunas
1172 4165 1247 4229 et
1294 4156 1646 4244 membra,
1714 4157 2044 4236 fortassis
2109 4169 2184 4232 et
2233 4164 2458 4257 ipsam
2496 4164 2619 4242 vi-
