2950 4709
550 302 719 390 15⁶
979 323 1343 375 nuruum
1397 321 1624 372 tmen
1677 321 2117 376 amantius.
2232 317 2583 386 (Lm-ou

543 508 712 584 Rex
764 507 1003 602 gladio
1053 530 1233 581 usus
1275 516 1410 594 est,
1461 503 1874 599 Fiskryggo
1907 506 2122 592 dicto,
2175 508 2295 601 qui
2326 508 2547 578 omni-

545 633 663 683 um
716 609 1111 704 gladiorum
1166 610 1792 701 praestantissimus
1844 606 2257 677 habebatur.

1139 707 1497 779 Praelium
1549 703 1965 801 Soynicnm.

747 810 871 881 91.
968 806 1180 881 Nunc
1233 810 1323 879 de
1373 807 1642 901 aliquot
1696 810 1995 893 eventis,
2048 826 2209 898 quae
2261 803 2544 875 accide-

544 921 709 983 runt
758 914 827 992 in
878 930 1282 999 congressu
1334 908 1632 979 duorum
1682 905 1965 977 illorum
2016 926 2291 996 regum,
2344 907 2548 995 cujus

544 1028 763 1104 supra
805 1008 1212 1080 nonnullam
1261 1007 1565 1079 fecimus
1597 1010 2061 1092 mentionem,
2113 1004 2544 1090 referemus3

544 1114 781 1205 itaque
835 1110 1001 1180 inde
1055 1108 1508 1193 ordiendum,
1575 1107 1766 1177 unde
1833 1108 2141 1177 narratio
2214 1104 2549 1195 digressa

546 1219 680 1300 est.
781 1208 1209 1294 Birkibeini,
1280 1229 1321 1277 a
1386 1217 1581 1277 terra
1652 1195 2125 1325 remigantes,
2194 1214 2338 1275 tum
2408 1201 2548 1273 boc

543 1314 778 1381 statim
832 1307 1499 1393 animadverterunt,
1550 1305 1724 1377 ferri
1776 1309 1843 1376 iu
1894 1327 1981 1376 se
2015 1304 2346 1377 classem
2387 1304 2547 1373 Ma-

545 1412 666 1501 gni
716 1412 954 1502 regis,
1006 1417 1151 1480 tum
1204 1410 1453 1493 etiam,
1521 1405 1711 1526 quod
1762 1408 1975 1476 maris
2026 1412 2188 1476 ante
2242 1402 2550 1474 classem

545 1514 840 1602 species
891 1508 1053 1580 talis
1106 1517 1281 1595 crat,
1335 1505 1569 1602 qualis
1619 1509 1687 1576 in
1716 1505 2262 1600 vehementibus
2311 1503 2547 1573 imbri-

543 1605 684 1681 bus
736 1607 1116 1704 tranquillo
1167 1628 1338 1678 aere
1398 1607 1645 1677 effusis
1700 1627 1870 1678 esse
1923 1605 2132 1677 solet.
2233 1603 2370 1675 Hic
2422 1606 2547 1672 im-

544 1705 680 1779 ber
729 1713 872 1781 cito
923 1710 1222 1793 transiit,
1275 1709 1536 1800 quippe
1581 1706 1860 1777 nimbus
1889 1708 2325 1796 sagittarum,
2379 1724 2548 1775 con-

544 1816 655 1880 tra
723 1831 930 1903 quem
1001 1807 1284 1899 clypeis
1354 1827 1537 1899 opus
1587 1816 1760 1877 erat.
1864 1805 2319 1889 Mariosuda,
2389 1824 2545 1875 cum

547 1917 1114 1992 converteretur,
1167 1906 1454 1996 longum
1507 1906 1889 1978 anfractum
1935 1908 2173 1976 carina
2208 1904 2546 1990 sulcavit3

546 2028 707 2100 quae
759 2029 940 2091 cum,
995 2006 1288 2077 aciebus
1339 2008 1525 2076 inter
1574 2026 1658 2076 se
1687 2006 2300 2091 concurrentibuS,
2352 2004 2545 2074 fron-

545 2114 689 2177 tem
755 2108 1063 2178 nondum
1135 2105 1344 2199 plane
1413 2105 1896 2193 obvertisset,
1979 2105 2279 2176 navibus
2346 2106 2547 2195 regis

544 2206 795 2298 Magni
849 2210 920 2277 in
971 2206 1158 2277 latus
1208 2226 1443 2298 prorae
1501 2206 1781 2292 delatiS,
1837 2229 1880 2276 a
1933 2214 2190 2278 conatu
2246 2203 2548 2297 depulsa

545 2306 875 2379 adversis
924 2309 1159 2400 proris
1202 2309 1482 2377 navium
1536 2305 1894 2378 hostilium
1949 2305 2134 2377 latus
2186 2303 2549 2397 obliquum

544 2407 868 2501 praebuit,
918 2410 1012 2478 ita
1062 2417 1140 2478 ut
1190 2404 1563 2499 Skeggius
1615 2410 1949 2478 anteriori
2003 2408 2300 2477 sentinae
2331 2409 2548 2475 inter-

544 2505 840 2579 scalmio
895 2507 1322 2593 adhaereret,
1377 2517 1451 2579 et
1501 2509 1845 2601 deinceps
1876 2506 2033 2577 aliae
2067 2528 2161 2577 ex
2197 2504 2353 2575 aliis
2382 2525 2548 2597 pro-

543 2627 692 2677 ram
745 2629 1030 2691 versuS,
1082 2616 1160 2678 ut
1200 2610 1452 2701 cuique
1484 2607 1692 2678 locus
1732 2607 2045 2678 dabatur.
2122 2605 2257 2676 Hic
2290 2605 2547 2675 deinde

544 2725 714 2776 acre
767 2720 841 2777 et
891 2707 1285 2777 vehemens
1341 2707 1658 2800 praelium
1712 2717 1939 2778 ortum
1998 2715 2143 2791 est,
2210 2705 2548 2777 militibus

543 2808 745 2896 regis
783 2807 1028 2897 Magni
1081 2808 1343 2896 ingenti
1395 2808 1656 2877 ardore
1708 2828 1857 2877 rem
1896 2805 2338 2898 gerentibus,
2387 2804 2545 2876 Bir-

543 2902 849 2976 kibeinis
933 2915 1163 2976 autem
1248 2925 1334 2975 se
1402 2910 1629 3024 magis
1710 2906 2262 2978 defendentibus
2341 2928 2547 3000 quam

543 2999 1146 3098 impugnantibus3
1211 3014 1424 3098 atque
1489 3010 1597 3078 sic
1647 3010 1985 3079 universa
2035 3009 2236 3078 acies
2290 3010 2545 3078 intror-

542 3126 672 3180 sus
746 3106 1139 3179 secundum
1209 3106 1375 3180 litus
1443 3116 1518 3178 et
1598 3107 2023 3200 aliquantum
2094 3109 2385 3199 propius
2455 3105 2546 3175 ad

543 3213 802 3278 terram
855 3207 1240 3279 ferebatur.
1340 3205 1776 3280 Birkibeinis
1829 3211 1913 3284 ,in
1966 3205 2266 3277 navibus
2318 3208 2545 3298 primo

543 3306 616 3374 in
668 3310 889 3378 aciem
940 3306 1428 3399 provehendis
1480 3328 1632 3377 rem
1685 3308 1958 3378 tardius
2010 3307 2547 3377 administranti-

541 3402 702 3488 buS,
753 3406 1173 3476 Mariosuda
1224 3409 1409 3475 inter
1461 3427 1685 3477 naves
1735 3407 1984 3497 Magni
2035 3409 2235 3497 regis
2276 3414 2349 3476 et
2397 3414 2544 3475 ter-

541 3523 690 3572 ram
746 3515 860 3574 est
910 3507 1306 3575 constituta.
1388 3503 1555 3592 Quo
1607 3504 1796 3575 facto
1849 3527 1987 3575 rex
2032 3503 2352 3576 Sverrer
2404 3526 2544 3575 uno

542 3606 914 3675 comitatus
967 3605 1035 3672 in
1071 3602 1400 3695 scapham
1447 3625 1533 3675 se
1572 3605 1855 3696 dejecit,
1907 3616 1983 3676 et
2014 3606 2102 3676 ad
2141 3625 2391 3675 navem
2423 3605 2544 3674 Ei·
2582 3658 2587 3662 .

540 3702 676 3772 riki
724 3705 928 3794 regis
981 3702 1105 3772 filii
1157 3702 1544 3789 advectuS,
1598 3701 1734 3775 hos
1787 3706 2218 3789 inclamavit,
2273 3704 2543 3789 dicenS,

544 3821 678 3873 eos
728 3804 969 3894 inepte
1022 3824 1108 3874 ac
1157 3824 1398 3895 parum
1453 3805 1793 3875 audacter
1841 3826 1991 3875 rem
2029 3805 2544 3889 administrare,

540 3906 1048 3996 praecepitque,
1103 3912 1178 3973 ut
1232 3913 1434 3975 extra
1478 3907 1831 3997 ingentem
1865 3905 2054 3976 illam
2089 3924 2341 3975 navem
2376 3923 2543 3995 pro·-

540 4004 755 4087 vecti,
805 4005 1120 4075 minores
1169 4022 1395 4073 naves
1437 4005 2029 4097 adgrederentur,
2081 4005 2320 4097 ibique
2378 4001 2544 4097 quid

542 4099 837 4178 efficere
885 4111 1207 4200 possent,
1258 4111 1628 4176 tentarent.
1698 4102 1863 4180 Rex
1913 4108 2095 4178 inter
2125 4122 2350 4177 naves
2384 4123 2543 4175 sca-
