2950 4709
209 447 237 470 ²
297 426 372 491 θ.
409 423 558 491 160.
742 427 1109 478 rus-ronta
1162 426 1388 476 neers
1444 425 1883 475 svnnnnms.
2134 398 2312 486 275

296 620 369 687 in
419 613 684 709 oppido
737 609 1094 685 silentium
1130 620 1202 684 et
1232 615 1474 706 quies:
1526 628 1763 705 neque
1795 622 2028 683 tamen
2061 609 2314 703 egredi

297 719 489 800 ausi,
564 735 777 786 cursu
830 713 1147 799 reflexo,
1224 713 1313 783 ad
1365 733 1544 783 suos
1595 721 2067 783 reverterunt.
2170 709 2315 801 Qui

209 853 214 858 ,
296 817 388 889 ad
425 814 783 886 Akrensia
817 829 1083 907 pascua
1114 811 1554 906 appulerant,
1607 811 1698 881 ad
1732 806 1968 882 villam
2003 813 2312 902 egressi,

297 938 440 987 non
510 918 709 1009 prius
788 936 831 985 a
914 913 1212 1004 dynasta
1280 911 1755 982 animadversi
1822 922 2022 998 sunt,
2107 931 2314 1003 quam

300 1017 505 1087 aedes
572 1022 1079 1107 occupassent„
1166 1011 1301 1083 Ille
1371 1031 1504 1104 per
1565 1010 2133 1104 pseudothyrum
2181 1010 2312 1080 ali-

299 1114 493 1209 quod
550 1112 841 1207 elapsus
892 1121 1039 1199 est,
1090 1112 1302 1184 nudis
1356 1108 1699 1205 pedibuS,
1751 1111 1933 1182 solis
1986 1109 2313 1182 vestibus

299 1214 540 1285 linteis
592 1214 897 1285 indutus,
988 1212 1209 1284 Aeris
1260 1221 1492 1283 status
1548 1220 1707 1282 erat
1753 1210 2067 1305 pluviuS,
2119 1219 2315 1281 terra

303 1318 467 1390 nive
504 1334 749 1399 vacua,
801 1311 1179 1409 glacieque
1233 1309 1651 1383 tabescente
1689 1310 2051 1384 lutulenta.
2154 1311 2312 1403 Dy-

299 1425 500 1486 nasta
552 1415 813 1507 pedum
868 1417 1277 1507 pernicitate
1328 1415 1398 1481 in
1427 1413 1674 1505 primis
1707 1409 2012 1483 valebat.
2077 1409 2314 1501 Bagli,

301 1518 422 1608 qui
471 1518 542 1583 in
593 1515 846 1584 aedium
895 1516 1108 1583 tectis
1161 1518 1385 1596 erant,
1436 1530 1571 1603 per
1621 1509 1960 1582 tenebras
1998 1507 2311 1580 'animad-

302 1622 713 1699 verterunt,
764 1615 990 1683 virum
1044 1611 1284 1681 linteis
1332 1610 1651 1680 indutum
1709 1627 2140 1695 excurrere,
2190 1629 2312 1680 su-

304 1733 536 1806 osque
608 1720 686 1783 ut
751 1711 942 1783 hunc
1018 1707 1751 1804 comprehenderent,
1834 1710 2313 1781 inclamarunt.

298 1810 907 1883 procurrentibus
957 1812 1045 1883 ad
1090 1832 1252 1882 eum
1294 1809 1823 1896 retrahendum,
1878 1812 2134 1882 eodem
2164 1827 2312 1880 mo-

301 1922 544 1989 mento
611 1909 774 1998 ille,
856 1911 1149 1983 fallente
1215 1909 1480 2004 pedum
1548 1912 1863 2002 vestigio
1930 1909 2316 2005 prolapsus

303 2020 443 2097 est,
494 2010 843 2106 hastaque
896 2015 1169 2083 eminus
1221 2014 1587 2104 trajectuS,
1639 2009 1858 2082 letale
1887 2011 2149 2083 vulnus
2195 2029 2314 2082 ac-

302 2115 511 2204 cepit.
615 2110 898 2183 Cecidit
947 2116 1017 2182 in
1068 2120 1278 2205 septo
1334 2111 1635 2206 quodam
1689 2111 1854 2182 loco
1906 2110 2095 2183 hand
2149 2131 2312 2204 pro-

302 2211 421 2283 cul
458 2213 547 2283 ab
582 2212 885 2299 aedibus,
941 2213 1229 2306 duoque
1280 2221 1634 2304 praeterea
1670 2214 1803 2284 viri
1842 2211 1978 2282 alii.
2053 2209 2313 2282 Pedis-

302 2332 578 2404 sequus
647 2315 837 2402 eJus,
905 2316 1188 2382 nomine
1252 2311 1587 2397 EirikuS,
1655 2315 2080 2403 cognomine
2131 2308 2314 2381 Sva-

305 2408 532 2502 giusl,
583 2410 754 2503 fuga
805 2410 1094 2504 elapsus
1129 2412 1441 2481 nuntium
1496 2413 1569 2480 in
1620 2412 1955 2504 oppidum
2007 2410 2314 2505 pertulit.

307 2508 453 2601 Qui
505 2530 664 2581 cum
718 2513 789 2581 in
855 2532 1096 2581 aream
1165 2513 1348 2602 regii
1400 2508 1641 2602 palatii
1689 2514 2051 2599 venisset,
2127 2511 2316 2583 adeo

307 2621 463 2682 erat
494 2611 950 2697 exanimatae„
1002 2622 1081 2683 ut
1111 2606 1280 2679 nihil
1308 2609 1499 2680 aliud
1531 2610 1726 2705 loqui
1778 2621 2056 2704 posset,
2108 2629 2316 2704 quam

304 2733 561 2803 magno
616 2712 810 2782 edito
862 2706 1176 2783 clamore
1230 2728 1363 2782 eos
1414 2731 1723 2804 surgere
1766 2711 2074 2804 juberet.
2149 2711 2322 2788 Rex

306 2815 612 2882 omnium
665 2809 1045 2882 celerrime
1101 2834 1143 2884 e
1196 2814 1438 2883 stratis
1492 2832 1578 2883 se
1628 2815 2007 2905 proripuit,
2062 2822 2318 2885 vestes

306 2911 567 3000 induit,
636 2915 707 2982 in
775 2931 1012 2983 aream
1068 2913 1480 3009 descendit3
1553 2916 1837 3007 quaerit,
1906 2913 2074 3006 quid
2127 2916 2317 2984 novi.

301 3009 540 3083 Puer:
595 3013 857 3083 cecidit
908 3012 1233 3105 dynasta,
1287 3034 1327 3082 a
1379 3011 1635 3105 Baglis
1683 3011 2120 3084 interfectus.
2187 3012 2316 3083 Ni-

303 3114 513 3183 mium
567 3132 790 3204 prope
843 3131 1014 3197 noS,
1075 3115 1300 3205 inquit
1364 3117 1533 3199 τοῖς
1602 3110 1894 3204 putabat
1945 3115 2131 3181 enim
2185 3113 2316 3203 dy-

307 3220 577 3281 nastam
628 3213 700 3280 in
752 3209 1085 3304 cubiculo
1136 3229 1273 3281 suo
1324 3213 1506 3281 intra
1552 3211 1885 3304 oppidum
1924 3214 2318 3305 quievisse,

305 3309 727 3404 Baglosque
793 3312 867 3379 in
953 3310 1285 3403 oppidum
1368 3313 1738 3404 irrupisse.
1866 3309 2319 3382 Arcessitum
2364 3347 2371 3354 -

304 3411 688 3481 tubicinem
738 3409 974 3483 tubam
1029 3430 1233 3504 quam
1286 3412 1820 3482 contentissime
1873 3410 2141 3495 inflare,
2192 3431 2316 3482 cu·

306 3508 841 3603 biculariosque
910 3513 1124 3582 armis
1192 3532 1278 3582 se
1344 3513 1647 3581 induere
1709 3513 1945 3604 jussit.
2065 3507 2318 3583 Cuncti

308 3610 397 3680 ad
466 3630 659 3680 arma
725 3620 1256 3682 concurrerunt.
1358 3610 1647 3682 Deinde
1711 3614 1867 3702 regi
1931 3613 2318 3688 nuntiatum

308 3719 457 3796 est,
528 3709 895 3800 dynastam
958 3709 1138 3780 Akri
1204 3705 1584 3783 cecidisse.
1702 3706 1978 3781 Omnes
2054 3710 2317 3782 milites

305 3808 442 3880 hac
496 3818 709 3879 nocte
763 3829 996 3903 usque
1047 3810 1135 3880 ad
1188 3808 1425 3881 lucem
1478 3809 1613 3880 sub
1667 3813 1883 3882 armis
1917 3809 2316 3901 vigilarunt⁶

305 3909 484 3981 Haec
533 3918 748 3980 nocte
801 3911 1121 4002 proxima
1171 3920 1336 3981 ante
1387 3909 1826 3982 undecimam
1878 3909 2048 3981 festi
2080 3909 2315 4001 jolen-

308 4012 414 4079 sis
464 4008 712 4080 feriam
766 4009 1197 4081 aeciderunt.

382 4136 435 4206 ¹)
475 4137 715 4212 snagins,
759 4135 850 4193 1⁵2·
1765 4206 1824 4281 S
1852 4206 1900 4278 2
