2950 4709
653 385 831 474 m
1081 412 1447 460 meroem
1503 411 1726 458 nncrs
1784 412 2220 460 svnnnnms.
2292 406 2366 470 c.
2411 404 2684 476 166-67,

656 617 914 694 proras
964 602 1106 691 jam
1172 606 1378 668 antea
1425 596 1690 691 pelago
1745 596 2234 669 obvertissent
2286 605 2360 668 et
2409 598 2499 669 ad
2553 619 2679 669 re-

658 721 815 771 mos
866 699 1402 783 consedissent,
1456 719 1548 768 eo
1600 700 1761 791 ipso
1812 707 2136 791 tempore
2191 720 2394 792 quam
2448 701 2678 768 maxi-

656 821 773 871 mo
847 801 1114 893 impetu
1196 801 1269 867 in
1354 819 1488 869 eos
1571 797 2001 868 ferebantur.
2119 796 2302 869 Tum
2381 820 2680 893 quoque

657 899 870 991 Bagli
952 900 1284 970 viderunt
1368 907 1443 969 et
1525 907 1971 989 agnoverunt
2034 910 2108 970 et
2165 897 2679 991 Sigurflugam,

656 1000 997 1076 vexillum
1049 1002 1251 1092 regis
1301 997 1719 1084 SverreriS,
1782 1006 1857 1068 et
1904 997 2360 1084 Andvakam,
2432 999 2678 1070 tubam

657 1105 835 1194 eius,
937 1099 1071 1170 Hic
1124 1121 1375 1171 omnes
1422 1121 1636 1171 unum
1703 1109 2050 1192 ceperunt
2100 1098 2516 1186 consilium,
2590 1111 2678 1170 ut

653 1222 883 1273 naves
934 1200 1019 1270 ab
1075 1199 1304 1271 altero
1357 1198 1586 1269 latere
1641 1198 2074 1286 inhiberent,
2141 1199 2229 1269 ab
2283 1199 2512 1270 altero
2566 1199 2674 1270 la-

654 1313 836 1386 tere,
890 1300 1082 1394 quod
1133 1300 1219 1370 ad
1255 1298 1421 1370 litus
1462 1299 1837 1390 vergebat,
1889 1321 2090 1392 quam
2128 1303 2674 1370 contentissime

652 1404 1124 1494 remigarent,
1192 1410 1265 1471 et
1331 1400 1696 1470 meridiem
1758 1421 2023 1471 versus
2088 1399 2442 1492 aufugere
2496 1421 2674 1470 con-

656 1502 1053 1575 tenderent.
1156 1499 1311 1572 Sed
1375 1510 1746 1594 antequam
1817 1521 2069 1571 omnes
2137 1521 2364 1571 naves
2425 1502 2674 1571 flexis-

655 1612 861 1687 sent,
932 1600 1326 1671 Birkibeini
1395 1610 1591 1671 tanto
1664 1605 1926 1693 impetu
1977 1603 2046 1669 in
2099 1599 2312 1671 duasl
2370 1600 2676 1672 celoces

647 1708 1049 1788 irruerunt,
1130 1712 1209 1773 ut
1274 1704 1535 1772 carinae
1617 1700 1977 1793 extemplo
2049 1700 2674 1773 subverterentur.

652 1804 831 1875 Tum
884 1805 1189 1896 utrique,
1242 1811 1565 1897 quantum
1618 1810 2000 1894 potuerunt
2048 1805 2383 1889 maxime,
2445 1806 2675 1874 remis

653 1903 1191 1974 contenderunt.
1292 1899 1682 1993 Baglorum
1738 1901 1878 1986 alii,
1931 1924 2089 1974 cum
2145 1902 2233 1972 ab
2280 1906 2673 1997 insequen-

651 2004 839 2074 tibus
907 2011 1441 2095 premerentur,
1512 2024 1738 2073 naves
1789 2002 1874 2072 ad
1931 2001 2368 2076 Gravdalum
2426 2007 2668 2095 ejece-

654 2113 836 2187 runt,
888 2122 1019 2171 rex
1071 2122 1249 2172 vcro
1306 2102 1723 2193 designatus
1771 2123 1855 2174 ac
1885 2101 2159 2175 Reidar
2206 2126 2363 2175 cum
2397 2103 2673 2197 aliquot

651 2202 947 2274 navibus
1017 2202 1103 2272 ad
1160 2199 1628 2294 Gygisvikam
1682 2202 2136 2296 appulerunt,
2205 2202 2324 2274 alii
2376 2204 2669 2295 longius

647 2304 1016 2375 meridiem
1068 2323 1327 2374 versus
1380 2302 1848 2374 deflexerunt.
1931 2300 2143 2394 Quos
2193 2307 2667 2398 insequentes

649 2403 1083 2489 Birkibeini,
1151 2426 1478 2495 magnum
1545 2424 1639 2473 ex
1706 2406 1815 2474 eis
1865 2425 2231 2475 numerum
2281 2405 2666 2475 interfece-

646 2517 827 2577 runt.
930 2504 1099 2575 Rex
1169 2502 1483 2574 Sverrer
1563 2504 1648 2573 ad
1739 2502 2213 2596 Gygisvikam
2296 2504 2666 2598 appulsuS,

647 2627 876 2677 naves
943 2604 1332 2697 Baglorum
1400 2607 1814 2697 intercepit,
1898 2626 2221 2698 magnam
2303 2604 2665 2676 bominum

647 2705 1160 2777 multitudinem
1219 2707 1639 2796 prostravit,
1707 2705 2144 2799 principibus
2209 2727 2458 2777 eorum
2513 2705 2664 2775 ela-

646 2805 1001 2876 bentibus
1105 2803 1235 2873 }lis
1304 2804 1655 2875 confectis
1717 2804 1938 2877 rebus
2004 2827 2139 2876 rex
2202 2808 2274 2875 in
2326 2807 2666 2900 oppidum

648 2927 733 2979 se
787 2906 1099 2998 recepit,
1151 2900 1363 2995 Bag-li
1415 2923 1594 2973 vero
1636 2907 1890 2976 iterum
1924 2910 2369 2999 congregati,
2424 2910 2665 2977 orien-

645 3017 789 3078 tem
841 3025 1103 3077 versus
1154 3006 1224 3074 in
1274 3003 1528 3074 Vikam
1581 3008 1811 3095 vagati
1867 3016 2055 3094 sunt,
2108 3006 2231 3078 ubi
2268 3006 2667 3078 liberaliter

647 3107 736 3181 ab
790 3105 1065 3178 colonis
1120 3108 1425 3199 excepti,
1480 3123 1638 3176 cum
1690 3104 1803 3176 bis
1839 3107 2075 3179 denuo
2110 3110 2664 3201 conspirationis

643 3211 1061 3281 societatem
1116 3210 1439 3280 inierunt.

1031 3308 1153 3380 De
1201 3304 1590 3378 imm-ibus
1637 3309 1841 3400 reqis
1892 3303 2297 3379 Svmms.

851 3407 1016 3479 167.
1114 3405 1282 3476 Rex
1334 3405 1651 3477 Sverrer
1714 3406 2137 3500 aliquantum
2191 3412 2537 3501 temporis
2589 3412 2663 3479 iu

647 3510 911 3603 oppido
963 3516 1462 3591 commoratuS,
1513 3510 1874 3600 imperatis
1926 3512 2154 3598 copiis
2205 3508 2660 3602 provinciali-

643 3612 782 3681 bus
839 3616 912 3676 et
962 3608 1303 3698 impensis
1356 3604 1714 3693 classiciS,
1764 3610 1905 3678 iter
1952 3630 2132 3679 vere
2185 3630 2442 3700 magno
2496 3630 2656 3679 cum

642 3707 932 3781 militum
981 3727 1305 3792 numero,
1359 3707 1737 3801 multisque
1794 3721 1867 3778 et
1917 3709 2325 3799 ingentibus
2356 3709 2657 3780 navibus

639 3809 1111 3902 comparavit3
1189 3817 1331 3877 tum
1411 3811 1771 3900 ingentem
1855 3806 2042 3877 illam
2124 3807 2658 3880 Hosdabuzam²

645 3909 968 3984 ducebat.
1084 3907 1385 3979 Cursum
1471 3909 1840 3979 meridiem
1917 3929 2183 3980 versus
2254 3911 2656 3980 secundum

637 4024 900 4084 terram
954 4010 1208 4079 direxit
1259 4018 1334 4077 et
1385 4008 1647 4079 deinde
1700 4011 2045 4078 orientem
2098 4029 2364 4080 versus
2416 4013 2486 4079 iu
2527 4010 2655 4081 Vi-

616 4112 797 4201 kam
852 4109 1221 4203 profectus
1275 4117 1406 4178 est.
1514 4107 1688 4177 Cum
1754 4128 1931 4177 vero
1989 4111 2055 4177 in
2107 4108 2361 4179 Vikam
2415 4109 2653 4181 Tuus·

710 4242 763 4308 ¹)
804 4237 1003 4316 ceteri—,-
1041 4237 1285 4308 quinque,
1321 4237 1380 4289 A.
1451 4236 1500 4304 ¹)
1535 4238 1953 4305 Hundabussam,
1995 4237 2063 4303 G,
